<record><header><identifier>oai:alma.41SLSP_UGE:991000049059705502</identifier><datestamp>2024-03-09T01:23:55Z</datestamp><setSpec>uge_bcen_RapidILL_BOOK</setSpec><setSpec>uge_aaca_RapidILL_BOOK</setSpec><setSpec>uge_abels_RapidILL_BOOK</setSpec><setSpec>uge_dbu_RapidILL_BOOK</setSpec><setSpec>uge_cmu_RapidILL_BOOK</setSpec><setSpec>uge_mail_RapidILL_BOOK</setSpec><setSpec>uge_abbat_RapidILL_BOOK</setSpec><setSpec>UNIGE_ALL</setSpec><setSpec>uge_aobs_RapidILL_BOOK</setSpec><setSpec>uge_acar_RapidILL_BOOK</setSpec></header><metadata>
<record xmlns="http://www.loc.gov/MARC21/slim" xmlns:xsi="http://www.w3.org/2001/XMLSchema-instance" xsi:schemaLocation="http://www.loc.gov/MARC21/slim http://www.loc.gov/standards/marcxml/schema/MARC21slim.xsd"><leader>01653nam a2200433uc 4500</leader><controlfield tag="001">991000049059705502</controlfield><controlfield tag="005">20240308233519.0</controlfield><controlfield tag="008">201011s1985    sz            00| | ger d</controlfield><datafield ind1=" " ind2=" " tag="020"><subfield code="a">3908133122</subfield></datafield><datafield ind1="7" ind2=" " tag="024"><subfield code="a">http://catalogue.bnf.fr/ark:/12148/cb34927030h</subfield><subfield code="2">uri</subfield></datafield><datafield ind1=" " ind2=" " tag="035"><subfield code="a">(swissbib)214205924-41slsp_network</subfield></datafield><datafield ind1=" " ind2=" " tag="035"><subfield code="a">214205924</subfield><subfield code="9">ExL</subfield></datafield><datafield ind1=" " ind2=" " tag="035"><subfield code="a">(IDSLU)000014770ILU01</subfield></datafield><datafield ind1=" " ind2=" " tag="035"><subfield code="a">(IDSBB)000128625DSV01</subfield></datafield><datafield ind1=" " ind2=" " tag="035"><subfield code="a">(RERO)0723697-41slsp</subfield></datafield><datafield ind1=" " ind2=" " tag="035"><subfield code="a">(ABN)000015592ABN01</subfield></datafield><datafield ind1=" " ind2=" " tag="035"><subfield code="a">(EXLNZ-41SLSP_NETWORK)991030565419705501</subfield></datafield><datafield ind1=" " ind2=" " tag="040"><subfield code="a">SzZuIDS LU LUZHB</subfield><subfield code="e">kids</subfield><subfield code="d">CH-ZuSLS</subfield></datafield><datafield ind1=" " ind2="7" tag="072"><subfield code="a">41</subfield><subfield code="2">IDS LU</subfield></datafield><datafield ind1=" " ind2="7" tag="072"><subfield code="a">ar</subfield><subfield code="2">rero</subfield></datafield><datafield ind1="1" ind2=" " tag="080"><subfield code="a">859.0:94.85</subfield></datafield><datafield ind1="1" ind2=" " tag="100"><subfield code="a">Planta, Armon</subfield><subfield code="0">(IDREF)169390128</subfield><subfield code="4">cre</subfield></datafield><datafield ind1="1" ind2="0" tag="245"><subfield code="a">Erforschung alter Wege und Strassen</subfield><subfield code="b">; Die Albularoute vom Domleschg ins Engadin ; Alte Wege an der Südseite des Berninapasses</subfield></datafield><datafield ind1=" " ind2="1" tag="264"><subfield code="c">1985</subfield></datafield><datafield ind1=" " ind2="4" tag="264"><subfield code="c">© 1985</subfield></datafield><datafield ind1=" " ind2=" " tag="300"><subfield code="a">136 S.</subfield><subfield code="b">ill.</subfield><subfield code="c">21 cm.</subfield><subfield code="e">4 gef. Karten</subfield></datafield><datafield ind1=" " ind2=" " tag="336"><subfield code="b">txt</subfield><subfield code="2">rdacontent</subfield></datafield><datafield ind1=" " ind2=" " tag="337"><subfield code="b">n</subfield><subfield code="2">rdamedia</subfield></datafield><datafield ind1=" " ind2=" " tag="338"><subfield code="b">nc</subfield><subfield code="2">rdacarrier</subfield></datafield><datafield ind1="1" ind2=" " tag="490"><subfield code="a">Verkehrswege im alten Rätien</subfield><subfield code="v">1</subfield></datafield><datafield ind1=" " ind2=" " tag="504"><subfield code="a">Bibliogr.: S. 134-135</subfield></datafield><datafield ind1=" " ind2=" " tag="520"><subfield code="a">Verkehrsgeschichte Graubünden, Römerwege, Römerstrassen, Passstrassen, Passwege, Saumpfade, Strassenbau im historischen Rückblick.</subfield><subfield code="5">IDSBB/B429</subfield></datafield><datafield ind1=" " ind2=" " tag="690"><subfield code="a">Strassen</subfield><subfield code="2">rzs-L2</subfield></datafield><datafield ind1=" " ind2=" " tag="690"><subfield code="a">Graubünden. Geschichte</subfield><subfield code="2">rzs-L2</subfield></datafield><datafield ind1=" " ind2=" " tag="690"><subfield code="a">Pass</subfield><subfield code="2">rzs-L2</subfield></datafield><datafield ind1=" " ind2=" " tag="690"><subfield code="a">Verkehr. Schweiz</subfield><subfield code="2">rzs-L2</subfield></datafield><datafield ind1="0" ind2="2" tag="740"><subfield code="a">&lt;&lt;Die&gt;&gt; Albularoute vom Domleschg ins Engadin</subfield></datafield><datafield ind1="0" ind2="2" tag="740"><subfield code="a">Alte Wege an der Südseite des Berninapasses</subfield></datafield><datafield ind1="1" ind2=" " tag="800"><subfield code="a">Planta, Armon</subfield><subfield code="t">Verkehrswege im alten Rätien</subfield><subfield code="v">1</subfield><subfield code="w">(IDSLU)000014769ILU01</subfield></datafield><datafield ind1=" " ind2=" " tag="900"><subfield code="a">REROnoselfmerge</subfield></datafield></record>
</metadata></record>