<record><header><identifier>oai:alma.41SLSP_UGE:991000048739705502</identifier><datestamp>2023-03-01T01:09:16Z</datestamp><setSpec>uge_bcen_RapidILL_BOOK</setSpec><setSpec>uge_aaca_RapidILL_BOOK</setSpec><setSpec>uge_abels_RapidILL_BOOK</setSpec><setSpec>uge_dbu_RapidILL_BOOK</setSpec><setSpec>uge_cmu_RapidILL_BOOK</setSpec><setSpec>uge_mail_RapidILL_BOOK</setSpec><setSpec>UNIGE_ALL</setSpec><setSpec>uge_abbat_RapidILL_BOOK</setSpec><setSpec>uge_aobs_RapidILL_BOOK</setSpec><setSpec>uge_acar_RapidILL_BOOK</setSpec></header><metadata>
<record xmlns="http://www.loc.gov/MARC21/slim" xmlns:xsi="http://www.w3.org/2001/XMLSchema-instance" xsi:schemaLocation="http://www.loc.gov/MARC21/slim http://www.loc.gov/standards/marcxml/schema/MARC21slim.xsd"><leader>01468nam a2200313 c 4500</leader><controlfield tag="001">991000048739705502</controlfield><controlfield tag="005">20201126054722.0</controlfield><controlfield tag="008">080410s2005    le ||||| |||| 00| ||mul d</controlfield><datafield ind1=" " ind2=" " tag="020"><subfield code="a">2745142461</subfield></datafield><datafield ind1=" " ind2=" " tag="035"><subfield code="a">(swissbib)106616145-41slsp_network</subfield></datafield><datafield ind1=" " ind2=" " tag="035"><subfield code="a">106616145</subfield><subfield code="9">ExL</subfield></datafield><datafield ind1=" " ind2=" " tag="035"><subfield code="a">(RERO)R004680462-41slsp</subfield></datafield><datafield ind1=" " ind2=" " tag="035"><subfield code="a">(EXLNZ-41SLSP_NETWORK)991143797599705501</subfield></datafield><datafield ind1=" " ind2=" " tag="040"><subfield code="a">RERO geular</subfield><subfield code="d">CH-ZuSLS</subfield></datafield><datafield ind1="0" ind2=" " tag="041"><subfield code="a">ara</subfield><subfield code="a">fre</subfield></datafield><datafield ind1=" " ind2="7" tag="072"><subfield code="a">th</subfield><subfield code="2">rero</subfield></datafield><datafield ind1="0" ind2="0" tag="245"><subfield code="6">880-01</subfield><subfield code="a">&lt;&lt;al-&gt;&gt;Ahadiths al-quoudoussias</subfield><subfield code="b">= (Les Hadiths divins) = al-Aḥādīth al-qudsiyya</subfield><subfield code="c">trad. en français par Fawzi Chaaban</subfield></datafield><datafield ind1="0" ind2="0" tag="880"><subfield code="6">245-01/(3/r</subfield><subfield code="a">&lt;&lt;al-&gt;&gt;Ahadiths al-quoudoussias</subfield><subfield code="b">= (Les Hadiths divins) = الأحاديث القدسية</subfield><subfield code="c">trad. en français par Fawzi Chaaban</subfield></datafield><datafield ind1="1" ind2=" " tag="246"><subfield code="a">Hadiths divins</subfield></datafield><datafield ind1="1" ind2=" " tag="246"><subfield code="a">Aḥādīth al-qudsiyya</subfield></datafield><datafield ind1=" " ind2=" " tag="250"><subfield code="a">2e éd</subfield></datafield><datafield ind1=" " ind2="1" tag="264"><subfield code="6">880-02</subfield><subfield code="a">Beyrouth</subfield><subfield code="b">Dar al-kutub al-ilmiyah</subfield><subfield code="c">2005</subfield></datafield><datafield ind1=" " ind2="1" tag="880"><subfield code="6">264-02/(3/r</subfield><subfield code="a">بيروت</subfield><subfield code="b">دار الكتب العلمية</subfield><subfield code="c">2005</subfield></datafield><datafield ind1=" " ind2=" " tag="300"><subfield code="a">335 p.</subfield><subfield code="c">22 cm</subfield></datafield><datafield ind1=" " ind2=" " tag="336"><subfield code="b">txt</subfield><subfield code="2">rdacontent</subfield></datafield><datafield ind1=" " ind2=" " tag="337"><subfield code="b">n</subfield><subfield code="2">rdamedia</subfield></datafield><datafield ind1=" " ind2=" " tag="338"><subfield code="b">nc</subfield><subfield code="2">rdacarrier</subfield></datafield><datafield ind1="1" ind2=" " tag="700"><subfield code="6">880-03</subfield><subfield code="a">Šaʿbān, Fawzī</subfield><subfield code="d">19..-....</subfield><subfield code="0">(IDREF)200410024</subfield></datafield><datafield ind1="1" ind2=" " tag="880"><subfield code="6">700-03/(3/r</subfield><subfield code="a">شعبان، فوزي</subfield></datafield><datafield ind1=" " ind2=" " tag="900"><subfield code="a">REROnoselfmerge</subfield></datafield></record>
</metadata></record>