<record><header><identifier>oai:alma.41SLSP_UGE:991000048949705502</identifier><datestamp>2024-10-31T01:12:05Z</datestamp><setSpec>uge_bcen_RapidILL_BOOK</setSpec><setSpec>uge_aaca_RapidILL_BOOK</setSpec><setSpec>uge_abels_RapidILL_BOOK</setSpec><setSpec>uge_dbu_RapidILL_BOOK</setSpec><setSpec>uge_cmu_RapidILL_BOOK</setSpec><setSpec>uge_mail_RapidILL_BOOK</setSpec><setSpec>uge_abbat_RapidILL_BOOK</setSpec><setSpec>UNIGE_ALL</setSpec><setSpec>uge_aobs_RapidILL_BOOK</setSpec><setSpec>uge_acar_RapidILL_BOOK</setSpec></header><metadata>
<record xmlns="http://www.loc.gov/MARC21/slim" xmlns:xsi="http://www.w3.org/2001/XMLSchema-instance" xsi:schemaLocation="http://www.loc.gov/MARC21/slim http://www.loc.gov/standards/marcxml/schema/MARC21slim.xsd"><leader>01332nam a2200313 c 4500</leader><controlfield tag="001">991000048949705502</controlfield><controlfield tag="005">20241030230923.0</controlfield><controlfield tag="008">960525s1801    fr ||||| |||| 00| ||fre d</controlfield><datafield ind1="7" ind2=" " tag="024"><subfield code="a">http://catalogue.bnf.fr/ark:/12148/cb308600031</subfield><subfield code="2">uri</subfield></datafield><datafield ind1=" " ind2=" " tag="035"><subfield code="a">(swissbib)079297455-41slsp_network</subfield></datafield><datafield ind1=" " ind2=" " tag="035"><subfield code="a">079297455</subfield><subfield code="9">ExL</subfield></datafield><datafield ind1=" " ind2=" " tag="035"><subfield code="a">(RERO)0481171-41slsp</subfield></datafield><datafield ind1=" " ind2=" " tag="035"><subfield code="a">(EXLNZ-41SLSP_NETWORK)991089203009705501</subfield></datafield><datafield ind1=" " ind2=" " tag="040"><subfield code="a">RERO</subfield><subfield code="d">CH-ZuSLS</subfield></datafield><datafield ind1=" " ind2="7" tag="072"><subfield code="a">dr</subfield><subfield code="2">rero</subfield></datafield><datafield ind1=" " ind2="7" tag="072"><subfield code="a">me</subfield><subfield code="2">rero</subfield></datafield><datafield ind1="1" ind2=" " tag="100"><subfield code="a">Mahon, Paul Augustin Olivier</subfield><subfield code="d">1752-1801</subfield><subfield code="0">(IDREF)080613381</subfield><subfield code="4">cre</subfield></datafield><datafield ind1="1" ind2="0" tag="245"><subfield code="a">Médecine légale et police médicale</subfield><subfield code="c">de P.A.O. Mahon avec quelques notes du cit. Fautrel</subfield></datafield><datafield ind1=" " ind2="1" tag="264"><subfield code="a">Paris</subfield><subfield code="b">F. Buisson</subfield><subfield code="a">Rouen</subfield><subfield code="b">J.B.M. Robert</subfield><subfield code="c">an X 1801</subfield></datafield><datafield ind1=" " ind2=" " tag="300"><subfield code="a">3 vol.</subfield><subfield code="c">20 cm</subfield></datafield><datafield ind1=" " ind2=" " tag="336"><subfield code="b">txt</subfield><subfield code="2">rdacontent</subfield></datafield><datafield ind1=" " ind2=" " tag="337"><subfield code="b">n</subfield><subfield code="2">rdamedia</subfield></datafield><datafield ind1=" " ind2=" " tag="338"><subfield code="b">nc</subfield><subfield code="2">rdacarrier</subfield></datafield><datafield ind1=" " ind2=" " tag="500"><subfield code="a">Faux titre: Oeuvres posthumes du Dr Mahon</subfield></datafield><datafield ind1=" " ind2="7" tag="650"><subfield code="a">Médecine légale</subfield><subfield code="0">(IDREF)027237575</subfield><subfield code="2">idref</subfield></datafield><datafield ind1="0" ind2="8" tag="776"><subfield code="i">Publié également comme</subfield><subfield code="n">édition en ligne</subfield><subfield code="t">Médecine légale et police médicale</subfield><subfield code="w">991171972848405501</subfield></datafield><datafield ind1="4" ind2="1" tag="856"><subfield code="u">http://books.google.ch/books?vid=BCUL1092577447</subfield><subfield code="z">[VOL. 1]</subfield><subfield code="z">Googlos 2007-2009</subfield></datafield><datafield ind1="4" ind2="1" tag="856"><subfield code="u">http://books.google.ch/books?vid=BCUL1092577448</subfield><subfield code="z">[VOL. 2]</subfield><subfield code="z">Googlos 2007-2009</subfield></datafield><datafield ind1="4" ind2="1" tag="856"><subfield code="u">http://books.google.ch/books?vid=BCUL1092577449</subfield><subfield code="z">[VOL. 3]</subfield><subfield code="z">Googlos 2007-2009</subfield></datafield><datafield ind1=" " ind2=" " tag="900"><subfield code="a">REROswissbibnomerge</subfield></datafield></record>
</metadata></record>