<record><header><identifier>oai:alma.41SLSP_UGE:991000049279705502</identifier><datestamp>2023-03-01T01:09:16Z</datestamp><setSpec>uge_bcen_RapidILL_BOOK</setSpec><setSpec>uge_aaca_RapidILL_BOOK</setSpec><setSpec>uge_abels_RapidILL_BOOK</setSpec><setSpec>uge_dbu_RapidILL_BOOK</setSpec><setSpec>uge_cmu_RapidILL_BOOK</setSpec><setSpec>uge_mail_RapidILL_BOOK</setSpec><setSpec>UNIGE_ALL</setSpec><setSpec>uge_abbat_RapidILL_BOOK</setSpec><setSpec>uge_aobs_RapidILL_BOOK</setSpec><setSpec>uge_acar_RapidILL_BOOK</setSpec></header><metadata>
<record xmlns="http://www.loc.gov/MARC21/slim" xmlns:xsi="http://www.w3.org/2001/XMLSchema-instance" xsi:schemaLocation="http://www.loc.gov/MARC21/slim http://www.loc.gov/standards/marcxml/schema/MARC21slim.xsd"><leader>00770nam a22002537c 4500</leader><controlfield tag="001">991000049279705502</controlfield><controlfield tag="005">20201222232600.0</controlfield><controlfield tag="008">131125s1966    xxk||||| |||| 00| ||eng d</controlfield><datafield ind1=" " ind2=" " tag="035"><subfield code="a">(swissbib)118584146-41slsp_network</subfield></datafield><datafield ind1=" " ind2=" " tag="035"><subfield code="a">118584146</subfield><subfield code="9">ExL</subfield></datafield><datafield ind1=" " ind2=" " tag="035"><subfield code="a">(RERO)R007550514-41slsp</subfield></datafield><datafield ind1=" " ind2=" " tag="035"><subfield code="a">(EXLNZ-41SLSP_NETWORK)991139022139705501</subfield></datafield><datafield ind1=" " ind2=" " tag="040"><subfield code="a">DLC</subfield><subfield code="d">CH-ZuSLS</subfield></datafield><datafield ind1=" " ind2="7" tag="072"><subfield code="a">an</subfield><subfield code="2">rero</subfield></datafield><datafield ind1="1" ind2=" " tag="100"><subfield code="a">Zwerdling, Alex</subfield><subfield code="0">(IDREF)029311349</subfield><subfield code="4">cre</subfield></datafield><datafield ind1="1" ind2="0" tag="245"><subfield code="a">Yeats and the heroic ideal</subfield><subfield code="c">Alex Zwerdling</subfield></datafield><datafield ind1=" " ind2="1" tag="264"><subfield code="a">London</subfield><subfield code="b">Peter Owen</subfield><subfield code="c">1966</subfield></datafield><datafield ind1=" " ind2=" " tag="300"><subfield code="a">[x], 196 p.</subfield></datafield><datafield ind1=" " ind2=" " tag="336"><subfield code="b">txt</subfield><subfield code="2">rdacontent</subfield></datafield><datafield ind1=" " ind2=" " tag="337"><subfield code="b">n</subfield><subfield code="2">rdamedia</subfield></datafield><datafield ind1=" " ind2=" " tag="338"><subfield code="b">nc</subfield><subfield code="2">rdacarrier</subfield></datafield><datafield ind1=" " ind2=" " tag="504"><subfield code="a">Bibliography: p. 183-190.</subfield></datafield><datafield ind1="1" ind2="0" tag="600"><subfield code="a">Yeats, W. B.</subfield><subfield code="q">(William Butler)</subfield><subfield code="d">1865-1939</subfield></datafield><datafield ind1=" " ind2=" " tag="900"><subfield code="a">REROnoselfmerge</subfield></datafield><datafield ind1=" " ind2=" " tag="910"><subfield code="a">OCoLC</subfield><subfield code="b">20131125</subfield><subfield code="c">Droits réservés</subfield></datafield></record>
</metadata></record>