<record><header><identifier>oai:alma.41SLSP_UGE:991000048549705502</identifier><datestamp>2023-05-05T00:13:14Z</datestamp><setSpec>uge_bcen_RapidILL_BOOK</setSpec><setSpec>uge_aaca_RapidILL_BOOK</setSpec><setSpec>uge_abels_RapidILL_BOOK</setSpec><setSpec>uge_dbu_RapidILL_BOOK</setSpec><setSpec>uge_cmu_RapidILL_BOOK</setSpec><setSpec>uge_mail_RapidILL_BOOK</setSpec><setSpec>uge_abbat_RapidILL_BOOK</setSpec><setSpec>UNIGE_ALL</setSpec><setSpec>uge_acar_RapidILL_BOOK</setSpec><setSpec>uge_aobs_RapidILL_BOOK</setSpec></header><metadata>
<record xmlns="http://www.loc.gov/MARC21/slim" xmlns:xsi="http://www.w3.org/2001/XMLSchema-instance" xsi:schemaLocation="http://www.loc.gov/MARC21/slim http://www.loc.gov/standards/marcxml/schema/MARC21slim.xsd"><leader>01817nam a2200385 c 4500</leader><controlfield tag="001">991000048549705502</controlfield><controlfield tag="005">20230504192655.0</controlfield><controlfield tag="008">201012s1990    fr ||||| |||| 00| ||fre d</controlfield><datafield ind1=" " ind2=" " tag="035"><subfield code="a">(swissbib)233523685-41slsp_network</subfield></datafield><datafield ind1=" " ind2=" " tag="035"><subfield code="a">233523685</subfield><subfield code="9">ExL</subfield></datafield><datafield ind1=" " ind2=" " tag="035"><subfield code="a">(RERO)1770891-41slsp</subfield></datafield><datafield ind1=" " ind2=" " tag="035"><subfield code="a">(NEBIS)000575156EBI01</subfield></datafield><datafield ind1=" " ind2=" " tag="035"><subfield code="a">(EXLNZ-41SLSP_NETWORK)991136575149705501</subfield></datafield><datafield ind1=" " ind2=" " tag="040"><subfield code="a">RERO gevbaa</subfield><subfield code="d">CH-ZuSLS</subfield></datafield><datafield ind1=" " ind2="7" tag="072"><subfield code="a">ge</subfield><subfield code="2">rero</subfield></datafield><datafield ind1="1" ind2=" " tag="100"><subfield code="a">Cardon, Dominique</subfield><subfield code="c">historienne</subfield><subfield code="d">1947-....</subfield><subfield code="0">(IDREF)026766701</subfield><subfield code="4">cre</subfield></datafield><datafield ind1="1" ind2="0" tag="245"><subfield code="a">&lt;&lt;Les &quot;&gt;&gt;vers&quot; du rouge</subfield><subfield code="b">insectes tinctoriaux (Homoptera: Coccoidea) utilisés dans l'ancien monde au moyen-âge : essai d'entomologie historique</subfield><subfield code="c">Dominique Cardon</subfield></datafield><datafield ind1=" " ind2="1" tag="264"><subfield code="a">[Paris]</subfield><subfield code="b">Société française d'histoire des sciences et des techniques</subfield><subfield code="c">1990</subfield></datafield><datafield ind1=" " ind2=" " tag="300"><subfield code="a">IV, 178 p., [8] f. de pl.</subfield><subfield code="b">ill. en noir et en coul.</subfield><subfield code="c">23 cm</subfield></datafield><datafield ind1=" " ind2=" " tag="336"><subfield code="b">txt</subfield><subfield code="2">rdacontent</subfield></datafield><datafield ind1=" " ind2=" " tag="337"><subfield code="b">n</subfield><subfield code="2">rdamedia</subfield></datafield><datafield ind1=" " ind2=" " tag="338"><subfield code="b">nc</subfield><subfield code="2">rdacarrier</subfield></datafield><datafield ind1="1" ind2=" " tag="490"><subfield code="a">Cahiers d'histoire et de philosophie des sciences. Nouvelle série</subfield><subfield code="v">no 28</subfield></datafield><datafield ind1=" " ind2="7" tag="650"><subfield code="a">teinture animale</subfield><subfield code="0">(RERO)A010156733</subfield><subfield code="2">rerovoc</subfield></datafield><datafield ind1=" " ind2="7" tag="650"><subfield code="a">textile</subfield><subfield code="0">(RERO)A009990110</subfield><subfield code="2">rerovoc</subfield></datafield><datafield ind1=" " ind2="7" tag="650"><subfield code="a">2500 av. J.-C.-1453</subfield><subfield code="2">idref</subfield></datafield><datafield ind1=" " ind2="7" tag="650"><subfield code="a">Antiquité</subfield><subfield code="0">(IDREF)027789888</subfield><subfield code="2">idref</subfield></datafield><datafield ind1=" " ind2="7" tag="650"><subfield code="a">Moyen âge</subfield><subfield code="0">(IDREF)027329917</subfield><subfield code="2">idref</subfield></datafield><datafield ind1=" " ind2="7" tag="650"><subfield code="a">Rouge</subfield><subfield code="0">(IDREF)034214534</subfield><subfield code="2">idref</subfield></datafield><datafield ind1=" " ind2="7" tag="650"><subfield code="a">ALTERTUM UND ANTIKE (EPOCHEN)</subfield><subfield code="9">ger</subfield><subfield code="0">(ETHUDK)000008938</subfield><subfield code="2">ethudk</subfield></datafield><datafield ind1=" " ind2="7" tag="650"><subfield code="a">COCCIDEA (ZOOLOGIE)</subfield><subfield code="9">ger</subfield><subfield code="0">(ETHUDK)000025196</subfield><subfield code="2">ethudk</subfield></datafield><datafield ind1=" " ind2="7" tag="650"><subfield code="a">FARBEN/HISTORISCHE ASPEKTE</subfield><subfield code="9">ger</subfield><subfield code="0">(ETHUDK)000041665</subfield><subfield code="2">ethudk</subfield></datafield><datafield ind1=" " ind2="7" tag="650"><subfield code="a">MITTELALTER (EPOCHEN)</subfield><subfield code="9">ger</subfield><subfield code="0">(ETHUDK)000008939</subfield><subfield code="2">ethudk</subfield></datafield><datafield ind1=" " ind2=" " tag="830"><subfield code="a">Cahiers d'histoire et de philosophie des sciences</subfield><subfield code="p">Nouvelle série</subfield><subfield code="v">28</subfield><subfield code="w">(RERO)0757845-41slsp</subfield></datafield><datafield ind1=" " ind2=" " tag="830"><subfield code="a">Cahiers d'histoire et de philosophie des sciences</subfield><subfield code="p">Nouvelle série</subfield><subfield code="v">28</subfield><subfield code="w">(NEBIS)000015067EBI01</subfield></datafield><datafield ind1=" " ind2=" " tag="900"><subfield code="a">REROnoselfmerge</subfield></datafield></record>
</metadata></record>