<record><header><identifier>oai:alma.41SLSP_UGE:991000048959705502</identifier><datestamp>2024-05-18T03:13:58Z</datestamp><setSpec>uge_bcen_RapidILL_BOOK</setSpec><setSpec>uge_aaca_RapidILL_BOOK</setSpec><setSpec>uge_abels_RapidILL_BOOK</setSpec><setSpec>uge_dbu_RapidILL_BOOK</setSpec><setSpec>uge_cmu_RapidILL_BOOK</setSpec><setSpec>uge_mail_RapidILL_BOOK</setSpec><setSpec>uge_abbat_RapidILL_BOOK</setSpec><setSpec>UNIGE_ALL</setSpec><setSpec>uge_acar_RapidILL_BOOK</setSpec><setSpec>uge_aobs_RapidILL_BOOK</setSpec></header><metadata>
<record xmlns="http://www.loc.gov/MARC21/slim" xmlns:xsi="http://www.w3.org/2001/XMLSchema-instance" xsi:schemaLocation="http://www.loc.gov/MARC21/slim http://www.loc.gov/standards/marcxml/schema/MARC21slim.xsd"><leader>03497nam a2200817 c 4500</leader><controlfield tag="001">991000048959705502</controlfield><controlfield tag="005">20230619203830.0</controlfield><controlfield tag="008">201011s2011    mau      b||| 001 0 eng| </controlfield><datafield ind1=" " ind2=" " tag="010"><subfield code="a">2010038494</subfield></datafield><datafield ind1=" " ind2=" " tag="020"><subfield code="a">9780674050808</subfield><subfield code="q">hardb</subfield><subfield code="c">usd 35.-</subfield></datafield><datafield ind1=" " ind2=" " tag="020"><subfield code="a">0674050800</subfield><subfield code="q">alk. paper</subfield></datafield><datafield ind1="7" ind2=" " tag="024"><subfield code="a">http://catalogue.bnf.fr/ark:/12148/cb424591974</subfield><subfield code="2">uri</subfield></datafield><datafield ind1=" " ind2=" " tag="035"><subfield code="a">(swissbib)214511367-41slsp_network</subfield></datafield><datafield ind1=" " ind2=" " tag="035"><subfield code="a">214511367</subfield><subfield code="9">ExL</subfield></datafield><datafield ind1=" " ind2=" " tag="035"><subfield code="a">(NEBIS)006170340EBI01</subfield></datafield><datafield ind1=" " ind2=" " tag="035"><subfield code="a">(RERO)R005977959-41slsp</subfield></datafield><datafield ind1=" " ind2=" " tag="035"><subfield code="a">(IDSBB)005661012DSV01</subfield></datafield><datafield ind1=" " ind2=" " tag="035"><subfield code="a">(OCoLC)663460478</subfield></datafield><datafield ind1=" " ind2=" " tag="035"><subfield code="a">(OCoLC)730045801</subfield></datafield><datafield ind1=" " ind2=" " tag="035"><subfield code="a">(EXLNZ-41SLSP_NETWORK)991095162269705501</subfield></datafield><datafield ind1=" " ind2=" " tag="040"><subfield code="a">DLC</subfield><subfield code="d">CH-ZuSLS</subfield></datafield><datafield ind1=" " ind2=" " tag="044"><subfield code="a">xxu</subfield></datafield><datafield ind1=" " ind2=" " tag="050"><subfield code="a">ND623.G6</subfield><subfield code="b">G28 2011</subfield></datafield><datafield ind1=" " ind2="7" tag="072"><subfield code="a">ba</subfield><subfield code="2">rero</subfield></datafield><datafield ind1=" " ind2="7" tag="072"><subfield code="a">kh</subfield><subfield code="2">SzZuIDS BS/BE</subfield></datafield><datafield ind1="1" ind2=" " tag="080"><subfield code="a">7GIOT8</subfield></datafield><datafield ind1="0" ind2="0" tag="082"><subfield code="a">759.5</subfield><subfield code="2">22</subfield></datafield><datafield ind1="1" ind2="4" tag="082"><subfield code="a">759.5</subfield><subfield code="2">22</subfield></datafield><datafield ind1=" " ind2=" " tag="084"><subfield code="a">LI 33909</subfield><subfield code="2">rvk</subfield></datafield><datafield ind1="1" ind2=" " tag="100"><subfield code="a">Gardner, Julian</subfield><subfield code="c">historien de l'art</subfield><subfield code="d">1940-....</subfield><subfield code="0">(IDREF)03138238X</subfield><subfield code="4">cre</subfield></datafield><datafield ind1="1" ind2="0" tag="245"><subfield code="a">Giotto and his publics</subfield><subfield code="b">three paradigms of patronage</subfield><subfield code="c">Julian Gardner</subfield></datafield><datafield ind1=" " ind2="1" tag="264"><subfield code="a">Cambridge, Mass.</subfield><subfield code="b">Harvard University Press</subfield><subfield code="c">2011</subfield></datafield><datafield ind1=" " ind2=" " tag="300"><subfield code="a">240 p.</subfield><subfield code="b">pl. en coul.</subfield><subfield code="c">21 cm</subfield></datafield><datafield ind1=" " ind2=" " tag="336"><subfield code="b">txt</subfield><subfield code="2">rdacontent</subfield></datafield><datafield ind1=" " ind2=" " tag="337"><subfield code="b">n</subfield><subfield code="2">rdamedia</subfield></datafield><datafield ind1=" " ind2=" " tag="338"><subfield code="b">nc</subfield><subfield code="2">rdacarrier</subfield></datafield><datafield ind1="0" ind2=" " tag="490"><subfield code="a">The Bernard Berenson lectures on the Italian Renaissance</subfield></datafield><datafield ind1=" " ind2=" " tag="504"><subfield code="a">Includes bibliographical references and index.</subfield></datafield><datafield ind1="0" ind2=" " tag="505"><subfield code="a">Introduction -- Giotto at Pisa : the Stigmatization for San Francesco -- Giotto among the money-changers : the Bardi Chapel in Santa Croce -- The lull before the storm : the Vele in the lower church at Assisi -- Conclusion -- Appendix. Inscriptions of the Vele -- Chronology</subfield></datafield><datafield ind1="0" ind2="7" tag="600"><subfield code="a">Giotto (di Bondone)</subfield><subfield code="2">idszbz</subfield></datafield><datafield ind1="0" ind2="0" tag="600"><subfield code="a">Giotto</subfield><subfield code="d">1266?-1337</subfield><subfield code="x">Criticism and interpretation</subfield></datafield><datafield ind1="0" ind2="0" tag="600"><subfield code="a">Francis</subfield><subfield code="c">of Assisi, Saint</subfield><subfield code="d">1182-1226</subfield><subfield code="v">Art</subfield></datafield><datafield ind1="0" ind2="0" tag="600"><subfield code="a">Francis</subfield></datafield><datafield ind1="0" ind2="0" tag="600"><subfield code="a">Giotto</subfield><subfield code="d">1266-1336</subfield></datafield><datafield ind1="1" ind2="0" tag="600"><subfield code="a">Giotto</subfield><subfield code="d">1266?-1337</subfield><subfield code="x">Criticism and interpretation</subfield></datafield><datafield ind1="0" ind2="7" tag="600"><subfield code="a">Giotto</subfield><subfield code="d">1266-1336</subfield><subfield code="0">(IDREF)027381668</subfield><subfield code="2">idref</subfield></datafield><datafield ind1="0" ind2="7" tag="600"><subfield code="a">Franz</subfield><subfield code="c">von Assisi, Heiliger</subfield><subfield code="d">1182-1226</subfield><subfield code="0">(DE-588)118534963</subfield><subfield code="2">gnd</subfield></datafield><datafield ind1="0" ind2="7" tag="600"><subfield code="a">Giotto</subfield><subfield code="c">di Bondone</subfield><subfield code="d">1266-1337</subfield><subfield code="0">(DE-588)118539477</subfield><subfield code="2">gnd</subfield></datafield><datafield ind1=" " ind2="7" tag="650"><subfield code="a">Malerei</subfield><subfield code="2">idszbz</subfield></datafield><datafield ind1=" " ind2="7" tag="650"><subfield code="a">Mäzenatentum</subfield><subfield code="2">idszbz</subfield></datafield><datafield ind1=" " ind2="7" tag="650"><subfield code="a">Auftraggeber</subfield><subfield code="2">idszbz</subfield></datafield><datafield ind1=" " ind2="7" tag="650"><subfield code="a">Rezeptionsästhetik</subfield><subfield code="2">idszbz</subfield></datafield><datafield ind1=" " ind2="0" tag="650"><subfield code="a">Art patronage</subfield><subfield code="z">Italy</subfield><subfield code="x">History</subfield><subfield code="y">To 1500</subfield></datafield><datafield ind1=" " ind2="7" tag="650"><subfield code="a">Unterkirche</subfield><subfield code="0">(DE-588)4526599-9</subfield><subfield code="2">gnd</subfield></datafield><datafield ind1=" " ind2="7" tag="650"><subfield code="a">Mécénat</subfield><subfield code="0">(IDREF)027329402</subfield><subfield code="2">idref</subfield></datafield><datafield ind1=" " ind2="7" tag="650"><subfield code="a">Franciscains</subfield><subfield code="0">(IDREF)027366804</subfield><subfield code="2">idref</subfield></datafield><datafield ind1=" " ind2="7" tag="650"><subfield code="a">Ausmalung</subfield><subfield code="0">(DE-588)4494528-0</subfield><subfield code="2">gnd</subfield></datafield><datafield ind1=" " ind2="7" tag="650"><subfield code="a">Deckenmalerei</subfield><subfield code="0">(DE-588)4011257-3</subfield><subfield code="2">gnd</subfield></datafield><datafield ind1=" " ind2="7" tag="650"><subfield code="a">Mäzenatentum</subfield><subfield code="0">(DE-588)4074442-5</subfield><subfield code="2">gnd</subfield></datafield><datafield ind1=" " ind2="7" tag="650"><subfield code="a">Malerei</subfield><subfield code="0">(DE-588)4037220-0</subfield><subfield code="2">gnd</subfield></datafield><datafield ind1=" " ind2="7" tag="650"><subfield code="a">Stigmatisation</subfield><subfield code="g">Motiv</subfield><subfield code="0">(DE-588)7548060-8</subfield><subfield code="2">gnd</subfield></datafield><datafield ind1=" " ind2="7" tag="651"><subfield code="a">Assisi</subfield><subfield code="0">(DE-588)4003260-7</subfield><subfield code="2">gnd</subfield></datafield><datafield ind1=" " ind2="7" tag="651"><subfield code="a">Florenz</subfield><subfield code="g">Quartiere 3</subfield><subfield code="0">(DE-588)1035015420</subfield><subfield code="2">gnd</subfield></datafield><datafield ind1=" " ind2="7" tag="651"><subfield code="a">Italie</subfield><subfield code="0">(IDREF)027235408</subfield><subfield code="2">idref</subfield></datafield><datafield ind1=" " ind2="7" tag="651"><subfield code="a">Italien</subfield><subfield code="0">(DE-588)4027833-5</subfield><subfield code="2">gnd</subfield></datafield><datafield ind1=" " ind2="7" tag="651"><subfield code="a">San Francesco</subfield><subfield code="g">Assisi</subfield><subfield code="x">Unterkirche</subfield><subfield code="0">(DE-588)4496211-3</subfield><subfield code="2">gnd</subfield></datafield><datafield ind1=" " ind2="7" tag="651"><subfield code="a">Santa Croce</subfield><subfield code="g">Florenz</subfield><subfield code="x">Bardi-Kapelle</subfield><subfield code="0">(DE-588)4278401-3</subfield><subfield code="2">gnd</subfield></datafield><datafield ind1="0" ind2=" " tag="700"><subfield code="a">Giotto</subfield><subfield code="c">di Bondone</subfield><subfield code="d">1266-1337</subfield><subfield code="0">(DE-588)118539477</subfield></datafield><datafield ind1="4" ind2=" " tag="856"><subfield code="3">Titelblatt und Inhaltsverzeichnis</subfield><subfield code="u">https://toc.library.ethz.ch/objects/pdf/z01_978-0-674-05080-8_01.pdf</subfield><subfield code="q">pdf</subfield></datafield><datafield ind1=" " ind2=" " tag="900"><subfield code="a">IDSZ2zbzmon201107f</subfield><subfield code="c">IDSZ2spie</subfield><subfield code="d">IDSZ2zbzswk201109b</subfield><subfield code="e">IDSZ2kupp</subfield></datafield><datafield ind1=" " ind2=" " tag="911"><subfield code="a">700</subfield><subfield code="a">Giotto</subfield><subfield code="d">1266?-1337</subfield></datafield><datafield ind1=" " ind2=" " tag="949"><subfield code="a">https://toc.library.ethz.ch/objects/pdf/z01_978-0-674-05080-8_01.pdf</subfield></datafield><datafield ind1=" " ind2=" " tag="993"><subfield code="a">BFLA 226093</subfield><subfield code="x">ge/ulha/a/11/0609</subfield><subfield code="9">LOCAL</subfield></datafield></record>
</metadata></record>