<record><header><identifier>oai:alma.41SLSP_UGE:991000048459705502</identifier><datestamp>2023-03-01T01:09:16Z</datestamp><setSpec>uge_bcen_RapidILL_BOOK</setSpec><setSpec>uge_aaca_RapidILL_BOOK</setSpec><setSpec>uge_abels_RapidILL_BOOK</setSpec><setSpec>uge_dbu_RapidILL_BOOK</setSpec><setSpec>uge_cmu_RapidILL_BOOK</setSpec><setSpec>uge_mail_RapidILL_BOOK</setSpec><setSpec>UNIGE_ALL</setSpec><setSpec>uge_abbat_RapidILL_BOOK</setSpec><setSpec>uge_aobs_RapidILL_BOOK</setSpec><setSpec>uge_acar_RapidILL_BOOK</setSpec></header><metadata>
<record xmlns="http://www.loc.gov/MARC21/slim" xmlns:xsi="http://www.w3.org/2001/XMLSchema-instance" xsi:schemaLocation="http://www.loc.gov/MARC21/slim http://www.loc.gov/standards/marcxml/schema/MARC21slim.xsd"><leader>01029naa a2200241 c 4500</leader><controlfield tag="001">991000048459705502</controlfield><controlfield tag="005">20201227133845.0</controlfield><controlfield tag="008">000915s1993    si ||||| |||| 00| ||eng d</controlfield><datafield ind1=" " ind2=" " tag="035"><subfield code="a">(swissbib)094582742-41slsp_network</subfield></datafield><datafield ind1=" " ind2=" " tag="035"><subfield code="a">094582742</subfield><subfield code="9">ExL</subfield></datafield><datafield ind1=" " ind2=" " tag="035"><subfield code="a">(RERO)R252630660-41slsp</subfield></datafield><datafield ind1=" " ind2=" " tag="035"><subfield code="a">(EXLNZ-41SLSP_NETWORK)991088641779705501</subfield></datafield><datafield ind1=" " ind2=" " tag="040"><subfield code="a">RERO geussp</subfield><subfield code="d">CH-ZuSLS</subfield></datafield><datafield ind1=" " ind2="7" tag="072"><subfield code="a">py</subfield><subfield code="2">rero</subfield></datafield><datafield ind1="1" ind2=" " tag="100"><subfield code="a">Lukierski, Jerzy</subfield><subfield code="0">(RERO)A003535991</subfield><subfield code="4">cre</subfield></datafield><datafield ind1="1" ind2="0" tag="245"><subfield code="a">Quantum deformations of D</subfield><subfield code="b">= 4 Poincaré and conformal algebras</subfield><subfield code="c">J. Lukierski, A. Nowicki and H. Ruegg</subfield></datafield><datafield ind1=" " ind2=" " tag="336"><subfield code="b">txt</subfield><subfield code="2">rdacontent</subfield></datafield><datafield ind1=" " ind2=" " tag="337"><subfield code="b">n</subfield><subfield code="2">rdamedia</subfield></datafield><datafield ind1=" " ind2=" " tag="338"><subfield code="b">nc</subfield><subfield code="2">rdacarrier</subfield></datafield><datafield ind1=" " ind2=" " tag="580"><subfield code="a">In: Quantum symmetries. - Singapore ; New Jersey [etc.] : World Scientific, cop. 1993. - P. 304-326</subfield></datafield><datafield ind1="1" ind2=" " tag="700"><subfield code="a">Ruegg, Henri</subfield><subfield code="d">1930-</subfield><subfield code="0">(RERO)A016312844</subfield></datafield><datafield ind1="1" ind2=" " tag="700"><subfield code="a">Nowicki, Anatol</subfield><subfield code="0">(RERO)A003646959</subfield></datafield><datafield ind1="0" ind2=" " tag="773"><subfield code="t">Quantum symmetries : proceedings of the International Workshop on Mathematical Physics, Arnold Sommerfeld Institute, Clausthal, 15-20 July 1991</subfield><subfield code="g">304</subfield><subfield code="w">(RERO)1844808-41slsp</subfield></datafield><datafield ind1=" " ind2=" " tag="900"><subfield code="a">REROnoselfmerge</subfield></datafield></record>
</metadata></record>