<record><header><identifier>oai:alma.41SLSP_UGE:991000049189705502</identifier><datestamp>2023-03-01T01:09:16Z</datestamp><setSpec>uge_bcen_RapidILL_BOOK</setSpec><setSpec>uge_aaca_RapidILL_BOOK</setSpec><setSpec>uge_abels_RapidILL_BOOK</setSpec><setSpec>uge_dbu_RapidILL_BOOK</setSpec><setSpec>uge_cmu_RapidILL_BOOK</setSpec><setSpec>uge_mail_RapidILL_BOOK</setSpec><setSpec>UNIGE_ALL</setSpec><setSpec>uge_abbat_RapidILL_BOOK</setSpec><setSpec>uge_acar_RapidILL_BOOK</setSpec><setSpec>uge_aobs_RapidILL_BOOK</setSpec></header><metadata>
<record xmlns="http://www.loc.gov/MARC21/slim" xmlns:xsi="http://www.w3.org/2001/XMLSchema-instance" xsi:schemaLocation="http://www.loc.gov/MARC21/slim http://www.loc.gov/standards/marcxml/schema/MARC21slim.xsd"><leader>01323nam a2200325 c 4500</leader><controlfield tag="001">991000049189705502</controlfield><controlfield tag="005">20201229222829.0</controlfield><controlfield tag="008">201011s1965    xxk||||| |||| 00| ||eng d</controlfield><datafield ind1=" " ind2=" " tag="035"><subfield code="a">(swissbib)217426433-41slsp_network</subfield></datafield><datafield ind1=" " ind2=" " tag="035"><subfield code="a">217426433</subfield><subfield code="9">ExL</subfield></datafield><datafield ind1=" " ind2=" " tag="035"><subfield code="a">(RERO)2040850-41slsp</subfield></datafield><datafield ind1=" " ind2=" " tag="035"><subfield code="a">(NEBIS)000800093EBI01</subfield></datafield><datafield ind1=" " ind2=" " tag="035"><subfield code="a">(EXLNZ-41SLSP_NETWORK)991084636689705501</subfield></datafield><datafield ind1=" " ind2=" " tag="040"><subfield code="a">RERO geussm</subfield><subfield code="d">CH-ZuSLS</subfield></datafield><datafield ind1="1" ind2=" " tag="041"><subfield code="a">eng</subfield><subfield code="h">rus</subfield></datafield><datafield ind1=" " ind2="7" tag="072"><subfield code="a">ma</subfield><subfield code="2">rero</subfield></datafield><datafield ind1=" " ind2=" " tag="084"><subfield code="a">44</subfield><subfield code="2">msc</subfield></datafield><datafield ind1="1" ind2=" " tag="100"><subfield code="a">Ditkin, Vitalii Arsenievich</subfield><subfield code="d">1910-1987</subfield><subfield code="0">(IDREF)074446444</subfield><subfield code="4">cre</subfield></datafield><datafield ind1="1" ind2="0" tag="245"><subfield code="a">Integral transforms and operational calculus</subfield><subfield code="c">V.A. Ditkin and A.P. Prudnikov ; transl. by D.E. Brown ; english transl. ed. by Ian N. Sneddon</subfield></datafield><datafield ind1=" " ind2="1" tag="264"><subfield code="a">Oxford</subfield><subfield code="a">London [etc.]</subfield><subfield code="b">Pergamon Press</subfield><subfield code="c">1965</subfield></datafield><datafield ind1=" " ind2=" " tag="300"><subfield code="a">XI, 529 p.</subfield><subfield code="c">23 cm</subfield></datafield><datafield ind1=" " ind2=" " tag="336"><subfield code="b">txt</subfield><subfield code="2">rdacontent</subfield></datafield><datafield ind1=" " ind2=" " tag="337"><subfield code="b">n</subfield><subfield code="2">rdamedia</subfield></datafield><datafield ind1=" " ind2=" " tag="338"><subfield code="b">nc</subfield><subfield code="2">rdacarrier</subfield></datafield><datafield ind1="1" ind2=" " tag="490"><subfield code="a">International series of monographs in pure and applied mathematics</subfield><subfield code="v">vol. 78</subfield></datafield><datafield ind1=" " ind2=" " tag="500"><subfield code="a">Traduit de: &quot;Integral'nyye preobrazovaniya i operatsionnoye iskhisleniye&quot;</subfield></datafield><datafield ind1="1" ind2=" " tag="700"><subfield code="a">Ditkin, V.A.</subfield></datafield><datafield ind1="1" ind2=" " tag="700"><subfield code="a">Prudnikov, A. P.</subfield><subfield code="d">1927-1999</subfield><subfield code="0">(DE-588)123364825</subfield></datafield><datafield ind1="1" ind2=" " tag="700"><subfield code="a">Prudnikov, Anatolii Platonovich</subfield><subfield code="d">1927-1999</subfield><subfield code="0">(IDREF)056881436</subfield></datafield><datafield ind1=" " ind2=" " tag="830"><subfield code="a">International series of monographs in pure and applied mathematics</subfield><subfield code="v">78</subfield><subfield code="w">(NEBIS)000000305EBI01</subfield></datafield><datafield ind1=" " ind2=" " tag="900"><subfield code="a">REROnoselfmerge</subfield></datafield></record>
</metadata></record>