<record><header><identifier>oai:alma.41SLSP_UGE:991000048659705502</identifier><datestamp>2024-03-22T01:19:50Z</datestamp><setSpec>uge_bcen_RapidILL_BOOK</setSpec><setSpec>uge_aaca_RapidILL_BOOK</setSpec><setSpec>uge_abels_RapidILL_BOOK</setSpec><setSpec>uge_dbu_RapidILL_BOOK</setSpec><setSpec>uge_cmu_RapidILL_BOOK</setSpec><setSpec>uge_mail_RapidILL_BOOK</setSpec><setSpec>uge_abbat_RapidILL_BOOK</setSpec><setSpec>UNIGE_ALL</setSpec><setSpec>uge_aobs_RapidILL_BOOK</setSpec><setSpec>uge_acar_RapidILL_BOOK</setSpec></header><metadata>
<record xmlns="http://www.loc.gov/MARC21/slim" xmlns:xsi="http://www.w3.org/2001/XMLSchema-instance" xsi:schemaLocation="http://www.loc.gov/MARC21/slim http://www.loc.gov/standards/marcxml/schema/MARC21slim.xsd"><leader>01606nam a2200445 ca4500</leader><controlfield tag="001">991000048659705502</controlfield><controlfield tag="005">20240322004310.0</controlfield><controlfield tag="008">201011m20032012gw            00| | ger  </controlfield><datafield ind1=" " ind2=" " tag="019"><subfield code="a">Übergeordnete Aufnahme = Niveau supérieur = Livello superiore</subfield><subfield code="5">SLSP/2020</subfield></datafield><datafield ind1="7" ind2=" " tag="024"><subfield code="a">http://catalogue.bnf.fr/ark:/12148/cb42285765g</subfield><subfield code="2">uri</subfield></datafield><datafield ind1=" " ind2=" " tag="035"><subfield code="a">(swissbib)230870023-41slsp_network</subfield></datafield><datafield ind1=" " ind2=" " tag="035"><subfield code="a">230870023</subfield><subfield code="9">ExL</subfield></datafield><datafield ind1=" " ind2=" " tag="035"><subfield code="a">(IDSBB)005021777DSV01</subfield></datafield><datafield ind1=" " ind2=" " tag="035"><subfield code="a">(RERO)R005400293-41slsp</subfield></datafield><datafield ind1=" " ind2=" " tag="035"><subfield code="a">(EXLNZ-41SLSP_NETWORK)991020111969705501</subfield></datafield><datafield ind1=" " ind2=" " tag="040"><subfield code="a">SzZuIDS BS/BE B470</subfield><subfield code="e">kids</subfield><subfield code="d">CH-ZuSLS</subfield></datafield><datafield ind1=" " ind2="7" tag="072"><subfield code="a">th</subfield><subfield code="2">SzZuIDS BS/BE</subfield></datafield><datafield ind1=" " ind2="7" tag="072"><subfield code="a">th</subfield><subfield code="2">rero</subfield></datafield><datafield ind1=" " ind2="7" tag="072"><subfield code="a">ss</subfield><subfield code="2">rero</subfield></datafield><datafield ind1=" " ind2=" " tag="084"><subfield code="a">BE 2030</subfield><subfield code="2">rvk</subfield></datafield><datafield ind1=" " ind2=" " tag="084"><subfield code="a">BE 3350</subfield><subfield code="2">rvk</subfield></datafield><datafield ind1=" " ind2=" " tag="084"><subfield code="a">BG 6470</subfield><subfield code="2">rvk</subfield></datafield><datafield ind1=" " ind2=" " tag="084"><subfield code="a">MS 6550</subfield><subfield code="2">rvk</subfield></datafield><datafield ind1="1" ind2=" " tag="100"><subfield code="6">880-01</subfield><subfield code="a">Pollack, Detlef</subfield><subfield code="d">1955-</subfield><subfield code="0">(DE-588)115441204</subfield></datafield><datafield ind1="1" ind2=" " tag="880"><subfield code="6">100-01</subfield><subfield code="a">Pollack, Detlef</subfield><subfield code="d">1955-....</subfield><subfield code="0">(IDREF)056791550</subfield><subfield code="4">cre</subfield></datafield><datafield ind1="1" ind2="0" tag="245"><subfield code="a">Studien zum religiösen Wandel in Deutschland und Europa</subfield><subfield code="c">Detlef Pollack</subfield></datafield><datafield ind1="1" ind2="3" tag="246"><subfield code="a">Studien zum religiösen Wandel in Deutschland</subfield></datafield><datafield ind1=" " ind2=" " tag="250"><subfield code="a">[Versch. Aufl.]</subfield></datafield><datafield ind1=" " ind2="1" tag="264"><subfield code="a">Tübingen</subfield><subfield code="b">Mohr Siebeck</subfield><subfield code="c">2003-2012</subfield></datafield><datafield ind1=" " ind2=" " tag="300"><subfield code="a">2 Bde.</subfield></datafield><datafield ind1=" " ind2=" " tag="336"><subfield code="b">txt</subfield><subfield code="2">rdacontent</subfield></datafield><datafield ind1=" " ind2=" " tag="337"><subfield code="b">n</subfield><subfield code="2">rdamedia</subfield></datafield><datafield ind1=" " ind2=" " tag="338"><subfield code="b">nc</subfield><subfield code="2">rdacarrier</subfield></datafield><datafield ind1=" " ind2="7" tag="650"><subfield code="a">Moderne</subfield><subfield code="0">(DE-588)4039827-4</subfield><subfield code="2">gnd</subfield></datafield><datafield ind1=" " ind2="7" tag="650"><subfield code="a">Religion</subfield><subfield code="0">(DE-588)4049396-9</subfield><subfield code="2">gnd</subfield></datafield><datafield ind1=" " ind2="7" tag="650"><subfield code="a">Religionssoziologie</subfield><subfield code="0">(DE-588)4049420-2</subfield><subfield code="2">gnd</subfield></datafield><datafield ind1=" " ind2="7" tag="650"><subfield code="a">Religiöser Wandel</subfield><subfield code="0">(DE-588)4761239-3</subfield><subfield code="2">gnd</subfield></datafield><datafield ind1=" " ind2="7" tag="650"><subfield code="a">Säkularisierung</subfield><subfield code="0">(DE-588)4051238-1</subfield><subfield code="2">gnd</subfield></datafield><datafield ind1=" " ind2="7" tag="651"><subfield code="a">Europa</subfield><subfield code="0">(DE-588)4015701-5</subfield><subfield code="2">gnd</subfield></datafield><datafield ind1=" " ind2="7" tag="655"><subfield code="a">Aufsatzsammlung</subfield><subfield code="2">gnd-content</subfield></datafield><datafield ind1=" " ind2=" " tag="900"><subfield code="a">REROnoselfmerge</subfield></datafield></record>
</metadata></record>