<record><header><identifier>oai:alma.41SLSP_UGE:991000048559705502</identifier><datestamp>2023-11-25T01:37:41Z</datestamp><setSpec>uge_bcen_RapidILL_BOOK</setSpec><setSpec>uge_aaca_RapidILL_BOOK</setSpec><setSpec>uge_abels_RapidILL_BOOK</setSpec><setSpec>uge_dbu_RapidILL_BOOK</setSpec><setSpec>uge_cmu_RapidILL_BOOK</setSpec><setSpec>uge_mail_RapidILL_BOOK</setSpec><setSpec>uge_abbat_RapidILL_BOOK</setSpec><setSpec>UNIGE_ALL</setSpec><setSpec>uge_aobs_RapidILL_BOOK</setSpec><setSpec>uge_acar_RapidILL_BOOK</setSpec></header><metadata>
<record xmlns="http://www.loc.gov/MARC21/slim" xmlns:xsi="http://www.w3.org/2001/XMLSchema-instance" xsi:schemaLocation="http://www.loc.gov/MARC21/slim http://www.loc.gov/standards/marcxml/schema/MARC21slim.xsd"><leader>02989nam a2200529 c 4500</leader><controlfield tag="001">991000048559705502</controlfield><controlfield tag="005">20230717223945.0</controlfield><controlfield tag="008">201012s1987    sz ||||| |||| 10| ||fre d</controlfield><datafield ind1=" " ind2=" " tag="035"><subfield code="a">(swissbib)235951153-41slsp_network</subfield></datafield><datafield ind1=" " ind2=" " tag="035"><subfield code="a">235951153</subfield><subfield code="9">ExL</subfield></datafield><datafield ind1=" " ind2=" " tag="035"><subfield code="a">(RERO)0976502-41slsp</subfield></datafield><datafield ind1=" " ind2=" " tag="035"><subfield code="a">(IDSBB)000356580DSV01</subfield></datafield><datafield ind1=" " ind2=" " tag="035"><subfield code="a">(ALEX)bv001072388</subfield></datafield><datafield ind1=" " ind2=" " tag="035"><subfield code="a">(EXLNZ-41SLSP_NETWORK)991048365249705501</subfield></datafield><datafield ind1=" " ind2=" " tag="040"><subfield code="a">RERO laidap</subfield><subfield code="d">CH-ZuSLS</subfield></datafield><datafield ind1="0" ind2=" " tag="041"><subfield code="a">fre</subfield><subfield code="a">ger</subfield></datafield><datafield ind1=" " ind2="7" tag="072"><subfield code="a">sp</subfield><subfield code="2">rero</subfield></datafield><datafield ind1=" " ind2="7" tag="072"><subfield code="a">se</subfield><subfield code="2">rero</subfield></datafield><datafield ind1=" " ind2="7" tag="072"><subfield code="a">po</subfield><subfield code="2">SzZuIDS BS/BE</subfield></datafield><datafield ind1=" " ind2="7" tag="072"><subfield code="a">rf</subfield><subfield code="2">SzZuIDS BS/BE</subfield></datafield><datafield ind1="1" ind2="4" tag="082"><subfield code="a">320</subfield><subfield code="2">15</subfield></datafield><datafield ind1="1" ind2="4" tag="082"><subfield code="a">340</subfield><subfield code="2">15</subfield></datafield><datafield ind1=" " ind2=" " tag="084"><subfield code="a">CA/CH 32.0 e</subfield><subfield code="2">cjurrom</subfield></datafield><datafield ind1=" " ind2=" " tag="084"><subfield code="a">CA/CH 12 e</subfield><subfield code="2">cjurrom</subfield></datafield><datafield ind1="0" ind2="0" tag="245"><subfield code="a">Regierungsrichtlinien und Finanzplanung</subfield><subfield code="b">eine kritische Bilanz = Grandes lignes de la politique gouvernementale et planification financière : un bilan critique</subfield><subfield code="c">H. Werder (Hrsg./Ed.) ; [Ernst Buschor, et al.]</subfield></datafield><datafield ind1="1" ind2=" " tag="246"><subfield code="a">Grandes lignes de la politique gouvernementale et planification financière</subfield></datafield><datafield ind1=" " ind2="1" tag="264"><subfield code="a">[Berne]</subfield><subfield code="b">Société suisse des sciences administratives</subfield><subfield code="c">1987</subfield></datafield><datafield ind1=" " ind2=" " tag="300"><subfield code="a">75 p.</subfield><subfield code="c">21 cm</subfield></datafield><datafield ind1=" " ind2=" " tag="336"><subfield code="b">txt</subfield><subfield code="2">rdacontent</subfield></datafield><datafield ind1=" " ind2=" " tag="337"><subfield code="b">n</subfield><subfield code="2">rdamedia</subfield></datafield><datafield ind1=" " ind2=" " tag="338"><subfield code="b">nc</subfield><subfield code="2">rdacarrier</subfield></datafield><datafield ind1="1" ind2=" " tag="490"><subfield code="a">Publications de la Société suisse des sciences administratives</subfield><subfield code="v">vol. 5</subfield></datafield><datafield ind1="1" ind2=" " tag="490"><subfield code="a">Schriftenreihe der Schweizerischen Gesellschaft für Verwaltungswissenschaften</subfield><subfield code="v">Bd. 5</subfield></datafield><datafield ind1=" " ind2=" " tag="500"><subfield code="a">Séminaire du groupe de travail &quot;coordination&quot; de la SSSA, le 29 septembre 1986</subfield></datafield><datafield ind1=" " ind2=" " tag="500"><subfield code="a">Beiträge zu einem Seminar vom 29.9.1986 unbekannten Ortes</subfield></datafield><datafield ind1="8" ind2=" " tag="520"><subfield code="a">Mit einem Seminar hat die SGVW-Arbeitsgruppe &quot;Koordination&quot; am 29. September 1986 versucht, eine kritische Bilanz über die bisherigen Erfahrungen mit Regierungsprogrammen und Finanzplänen zu ziehen. Folgende Fragen standen im Mittelpunkt: - Was hat die politische Gesamtplanung bisher erreicht? Welche Erwaltungen sind nicht erfüllt worden? - Inwieweit ermöglicht die politische Gesamtplanung es der Regierung politische Prioritäten zu setzen? Wie gross ist der &quot;Steuerungseffekt&quot; der Planung? - Inwieweit ist die Verknüpfung von Aufgaben- und Ressourcenplanung (Finanzen, Personal) gelungen?</subfield><subfield code="5">RERO/Alexandria</subfield></datafield><datafield ind1=" " ind2="7" tag="650"><subfield code="a">1960-1986</subfield><subfield code="2">rero</subfield></datafield><datafield ind1=" " ind2="7" tag="650"><subfield code="a">Politique publique</subfield><subfield code="0">(IDREF)028693264</subfield><subfield code="2">idref</subfield></datafield><datafield ind1=" " ind2="7" tag="650"><subfield code="a">Regierung</subfield><subfield code="z">Schweiz</subfield><subfield code="v">Kongressbericht</subfield><subfield code="2">idsbb</subfield></datafield><datafield ind1=" " ind2="7" tag="650"><subfield code="a">Finanzplanung</subfield><subfield code="z">Schweiz</subfield><subfield code="v">Kongressbericht</subfield><subfield code="2">idsbb</subfield></datafield><datafield ind1=" " ind2="7" tag="650"><subfield code="a">Regierungsprogramm</subfield><subfield code="z">Schweiz</subfield><subfield code="v">Kongressbericht</subfield><subfield code="2">idsbb</subfield></datafield><datafield ind1=" " ind2="7" tag="651"><subfield code="a">Suisse</subfield><subfield code="0">(IDREF)027249654</subfield><subfield code="2">idref</subfield></datafield><datafield ind1=" " ind2="7" tag="655"><subfield code="a">Actes de congrès</subfield><subfield code="0">(IDREF)02886431X</subfield><subfield code="2">idref</subfield></datafield><datafield ind1="1" ind2=" " tag="700"><subfield code="a">Buschor, Ernst</subfield><subfield code="d">1943-....</subfield><subfield code="0">(IDREF)256923124</subfield></datafield><datafield ind1="1" ind2=" " tag="700"><subfield code="a">Werder, Hans</subfield><subfield code="0">(RERO)A003968174</subfield></datafield><datafield ind1="2" ind2=" " tag="710"><subfield code="a">Société suisse des sciences administratives</subfield><subfield code="0">(RERO)A000153382</subfield></datafield><datafield ind1=" " ind2="0" tag="830"><subfield code="a">Schriftenreihe der Schweizerischen Gesellschaft für Verwaltungswissenschaften</subfield><subfield code="v">5</subfield><subfield code="w">(IDSBB)000198807DSV01</subfield></datafield><datafield ind1=" " ind2="0" tag="830"><subfield code="a">Schriftenreihe der Schweizerischen Gesellschaft für Verwaltungswissenschaften</subfield><subfield code="v">5</subfield><subfield code="w">(RERO)0807163-41slsp</subfield></datafield><datafield ind1=" " ind2=" " tag="900"><subfield code="a">REROnoselfmerge</subfield></datafield></record>
</metadata></record>