<record><header><identifier>oai:alma.41SLSP_UGE:991000048359705502</identifier><datestamp>2024-09-27T00:07:21Z</datestamp><setSpec>uge_bcen_RapidILL_BOOK</setSpec><setSpec>uge_aaca_RapidILL_BOOK</setSpec><setSpec>uge_abels_RapidILL_BOOK</setSpec><setSpec>uge_dbu_RapidILL_BOOK</setSpec><setSpec>uge_cmu_RapidILL_BOOK</setSpec><setSpec>uge_mail_RapidILL_BOOK</setSpec><setSpec>uge_abbat_RapidILL_BOOK</setSpec><setSpec>UNIGE_ALL</setSpec><setSpec>uge_aobs_RapidILL_BOOK</setSpec><setSpec>uge_acar_RapidILL_BOOK</setSpec></header><metadata>
<record xmlns="http://www.loc.gov/MARC21/slim" xmlns:xsi="http://www.w3.org/2001/XMLSchema-instance" xsi:schemaLocation="http://www.loc.gov/MARC21/slim http://www.loc.gov/standards/marcxml/schema/MARC21slim.xsd"><leader>02658nam a2200661uc 4500</leader><controlfield tag="001">991000048359705502</controlfield><controlfield tag="005">20230401214641.0</controlfield><controlfield tag="008">201011s1997    it     |      00| ||fre|d</controlfield><datafield ind1=" " ind2=" " tag="020"><subfield code="a">8822245644</subfield></datafield><datafield ind1="7" ind2=" " tag="024"><subfield code="a">http://catalogue.bnf.fr/ark:/12148/cb37531410g</subfield><subfield code="2">uri</subfield></datafield><datafield ind1=" " ind2=" " tag="035"><subfield code="a">(swissbib)232177929-41slsp_network</subfield></datafield><datafield ind1=" " ind2=" " tag="035"><subfield code="a">232177929</subfield><subfield code="9">ExL</subfield></datafield><datafield ind1=" " ind2=" " tag="035"><subfield code="a">(NEBIS)001902375EBI01</subfield></datafield><datafield ind1=" " ind2=" " tag="035"><subfield code="a">(RERO)R225076360-41slsp</subfield></datafield><datafield ind1=" " ind2=" " tag="035"><subfield code="a">(EXLNZ-41SLSP_NETWORK)991060021109705501</subfield></datafield><datafield ind1=" " ind2=" " tag="040"><subfield code="a">ZBZ</subfield><subfield code="b">ger</subfield><subfield code="e">ETHICS-ISBD</subfield><subfield code="d">CH-ZuSLS</subfield></datafield><datafield ind1=" " ind2="7" tag="072"><subfield code="a">fr</subfield><subfield code="2">rero</subfield></datafield><datafield ind1="1" ind2=" " tag="080"><subfield code="a">840&quot;15&quot;-2(082)</subfield></datafield><datafield ind1="0" ind2="4" tag="082"><subfield code="a">840</subfield></datafield><datafield ind1="0" ind2="4" tag="082"><subfield code="a">842.308</subfield></datafield><datafield ind1="1" ind2="4" tag="082"><subfield code="a">842.052 30803</subfield><subfield code="2">22</subfield></datafield><datafield ind1="1" ind2="4" tag="082"><subfield code="a">809</subfield><subfield code="2">1</subfield></datafield><datafield ind1="1" ind2="4" tag="082"><subfield code="a">842.3</subfield></datafield><datafield ind1="1" ind2="4" tag="082"><subfield code="a">842.308</subfield></datafield><datafield ind1="0" ind2="0" tag="245"><subfield code="a">1566-1573</subfield><subfield code="c">textes éd. et prés. par Daniela Mauri ... [et al.]</subfield></datafield><datafield ind1=" " ind2="1" tag="264"><subfield code="a">[Erscheinungsort nicht ermittelbar]</subfield><subfield code="b">[Verlag nicht ermittelbar]</subfield><subfield code="c">1997</subfield></datafield><datafield ind1=" " ind2=" " tag="300"><subfield code="a">209 p.</subfield><subfield code="b">fac-sim.</subfield><subfield code="c">24 cm</subfield></datafield><datafield ind1=" " ind2=" " tag="336"><subfield code="b">txt</subfield><subfield code="2">rdacontent</subfield></datafield><datafield ind1=" " ind2=" " tag="337"><subfield code="b">n</subfield><subfield code="2">rdamedia</subfield></datafield><datafield ind1=" " ind2=" " tag="338"><subfield code="b">nc</subfield><subfield code="2">rdacarrier</subfield></datafield><datafield ind1="1" ind2=" " tag="490"><subfield code="a">La comédie à l'époque d'Henri II et de Charles IX</subfield></datafield><datafield ind1="0" ind2=" " tag="490"><subfield code="a">Théâtre français de la Renaissance. Sér. 1</subfield><subfield code="v">vol. 9</subfield></datafield><datafield ind1=" " ind2=" " tag="500"><subfield code="a">Contient: Les ombres / Nicolas Filleul. Les corrivaux ; Le négromant / Jean de La Taille</subfield></datafield><datafield ind1="0" ind2=" " tag="505"><subfield code="a">Enthält: Les ombres / Nicolas Filleul. Les corrivaux ; Le négromant / Jean de La Taille</subfield></datafield><datafield ind1=" " ind2="7" tag="648"><subfield code="a">Geschichte</subfield><subfield code="2">gnd</subfield></datafield><datafield ind1=" " ind2="7" tag="648"><subfield code="a">Geschichte 1500-1600</subfield><subfield code="2">gnd</subfield></datafield><datafield ind1=" " ind2="7" tag="648"><subfield code="a">Geschichte 1540-1560</subfield><subfield code="2">gnd</subfield></datafield><datafield ind1=" " ind2="7" tag="650"><subfield code="a">Drama</subfield><subfield code="0">(DE-588)4012899-4</subfield><subfield code="2">gnd</subfield></datafield><datafield ind1=" " ind2="7" tag="650"><subfield code="a">Französisch</subfield><subfield code="0">(DE-588)4113615-9</subfield><subfield code="2">gnd</subfield></datafield><datafield ind1=" " ind2="7" tag="650"><subfield code="a">Komödie</subfield><subfield code="0">(DE-588)4031952-0</subfield><subfield code="2">gnd</subfield></datafield><datafield ind1=" " ind2="7" tag="650"><subfield code="a">Renaissance</subfield><subfield code="0">(DE-588)4049450-0</subfield><subfield code="2">gnd</subfield></datafield><datafield ind1=" " ind2="0" tag="650"><subfield code="a">French drama (Comedy)</subfield></datafield><datafield ind1=" " ind2="0" tag="650"><subfield code="a">French drama</subfield><subfield code="y">16th century</subfield></datafield><datafield ind1=" " ind2="7" tag="650"><subfield code="a">Comédie française</subfield><subfield code="0">(IDREF)028206851</subfield><subfield code="2">idref</subfield></datafield><datafield ind1=" " ind2="7" tag="650"><subfield code="a">1566-1573</subfield><subfield code="2">rero</subfield></datafield><datafield ind1=" " ind2="7" tag="655"><subfield code="a">Anthologies</subfield><subfield code="0">(IDREF)027269493</subfield><subfield code="2">idref</subfield></datafield><datafield ind1="1" ind2=" " tag="700"><subfield code="a">La Taille De Bondaroy, Jean de</subfield></datafield><datafield ind1="1" ind2="2" tag="700"><subfield code="a">Filleul, Nicolas</subfield><subfield code="t">&lt;&lt;Les&gt;&gt; ombres</subfield></datafield><datafield ind1="1" ind2="2" tag="700"><subfield code="a">La Taille De Bondaroy, Jean de</subfield><subfield code="t">&lt;&lt;Les&gt;&gt; corrivaux</subfield></datafield><datafield ind1="1" ind2="2" tag="700"><subfield code="a">La Taille De Bondaroy, Jean de</subfield><subfield code="t">&lt;&lt;Le&gt;&gt; négromant</subfield></datafield><datafield ind1="1" ind2="2" tag="700"><subfield code="a">Filleul, Nicolas</subfield><subfield code="d">1530-1575</subfield><subfield code="t">&lt;&lt;Les&gt;&gt; ombres</subfield></datafield><datafield ind1="1" ind2="2" tag="700"><subfield code="a">La Taille, Jean &lt;&lt;de&gt;&gt;</subfield><subfield code="d">1535?-1611?</subfield><subfield code="t">&lt;&lt;Les&gt;&gt; corrivaux</subfield></datafield><datafield ind1="1" ind2="2" tag="700"><subfield code="a">La Taille, Jean &lt;&lt;de&gt;&gt;</subfield><subfield code="d">1535?-1611?</subfield><subfield code="t">&lt;&lt;Le&gt;&gt; négromant</subfield></datafield><datafield ind1="1" ind2=" " tag="700"><subfield code="a">La Taille, Jean &lt;&lt;de&gt;&gt;</subfield><subfield code="d">153X-1611</subfield><subfield code="0">(DE-588)118778870</subfield></datafield><datafield ind1="1" ind2=" " tag="700"><subfield code="a">Mauri, Daniela</subfield><subfield code="d">19..-....</subfield><subfield code="0">(IDREF)031198872</subfield></datafield><datafield ind1="1" ind2=" " tag="700"><subfield code="a">Filleul, Nicolas</subfield><subfield code="d">1530-1575</subfield><subfield code="0">(DE-588)130068330</subfield></datafield><datafield ind1=" " ind2="0" tag="830"><subfield code="a">Théâtre français de la Renaissance</subfield><subfield code="v">1/9</subfield></datafield><datafield ind1=" " ind2="0" tag="830"><subfield code="a">&lt;&lt;La&gt;&gt; comédie à l'époque d'Henri II et de Charles IX</subfield><subfield code="v">4</subfield><subfield code="w">(RERO)1942670-41slsp</subfield></datafield><datafield ind1=" " ind2=" " tag="900"><subfield code="a">REROnoselfmerge</subfield></datafield></record>
</metadata></record>