<record><header><identifier>oai:alma.41SLSP_UGE:991000032869705502</identifier><datestamp>2023-03-01T01:09:16Z</datestamp><setSpec>uge_bcen_RapidILL_BOOK</setSpec><setSpec>uge_aaca_RapidILL_BOOK</setSpec><setSpec>uge_abels_RapidILL_BOOK</setSpec><setSpec>uge_dbu_RapidILL_BOOK</setSpec><setSpec>uge_cmu_RapidILL_BOOK</setSpec><setSpec>uge_mail_RapidILL_BOOK</setSpec><setSpec>UNIGE_ALL</setSpec><setSpec>uge_abbat_RapidILL_BOOK</setSpec><setSpec>uge_aobs_RapidILL_BOOK</setSpec><setSpec>uge_acar_RapidILL_BOOK</setSpec></header><metadata>
<record xmlns="http://www.loc.gov/MARC21/slim" xmlns:xsi="http://www.w3.org/2001/XMLSchema-instance" xsi:schemaLocation="http://www.loc.gov/MARC21/slim http://www.loc.gov/standards/marcxml/schema/MARC21slim.xsd"><leader>01564naa a2200337 c 4500</leader><controlfield tag="001">991000032869705502</controlfield><controlfield tag="005">20230118184700.0</controlfield><controlfield tag="008">981029s1998    gw ||||| |||| 10| ||ita d</controlfield><datafield ind1=" " ind2=" " tag="035"><subfield code="a">(swissbib)093787421-41slsp_network</subfield></datafield><datafield ind1=" " ind2=" " tag="035"><subfield code="a">093787421</subfield><subfield code="9">ExL</subfield></datafield><datafield ind1=" " ind2=" " tag="035"><subfield code="a">(RERO)R238498760-41slsp</subfield></datafield><datafield ind1=" " ind2=" " tag="035"><subfield code="a">(EXLNZ-41SLSP_NETWORK)991156638629705501</subfield></datafield><datafield ind1=" " ind2=" " tag="040"><subfield code="a">RERO geubfd</subfield><subfield code="d">CH-ZuSLS</subfield></datafield><datafield ind1="1" ind2=" " tag="041"><subfield code="a">ita</subfield><subfield code="h">ger</subfield></datafield><datafield ind1=" " ind2="7" tag="072"><subfield code="a">dr</subfield><subfield code="2">rero</subfield></datafield><datafield ind1=" " ind2=" " tag="084"><subfield code="a">A 17 i</subfield><subfield code="2">cjurrom</subfield></datafield><datafield ind1=" " ind2=" " tag="084"><subfield code="a">A 18.5 i</subfield><subfield code="2">cjurrom</subfield></datafield><datafield ind1="1" ind2=" " tag="100"><subfield code="a">Dilcher, Gerhard</subfield><subfield code="d">1932-....</subfield><subfield code="0">(IDREF)028559983</subfield><subfield code="4">cre</subfield></datafield><datafield ind1="1" ind2="0" tag="245"><subfield code="a">Fra norma e tradizione</subfield><subfield code="b">storia del diritto e scienza giuridica europea</subfield><subfield code="c">Gerhard Dilcher und Pio Caroni ; [trad. di Aldo Mazzacane]</subfield></datafield><datafield ind1=" " ind2=" " tag="336"><subfield code="b">txt</subfield><subfield code="2">rdacontent</subfield></datafield><datafield ind1=" " ind2=" " tag="337"><subfield code="b">n</subfield><subfield code="2">rdamedia</subfield></datafield><datafield ind1=" " ind2=" " tag="338"><subfield code="b">nc</subfield><subfield code="2">rdacarrier</subfield></datafield><datafield ind1=" " ind2=" " tag="500"><subfield code="a">Trad. de: Norm und Tradition : zur Situation und Aufgabe der Rechtsgeschichte als Teil einer europäischen Rechtswissenschaft</subfield></datafield><datafield ind1=" " ind2=" " tag="580"><subfield code="a">In: Fra norma e tradizione : quale storicità per la storia giuridica?. - Köln [etc.] : Böhlau, 1998. - P. 15-19</subfield></datafield><datafield ind1=" " ind2="7" tag="650"><subfield code="a">Droit</subfield><subfield code="0">(IDREF)027466868</subfield><subfield code="2">idref</subfield></datafield><datafield ind1=" " ind2="7" tag="650"><subfield code="a">histoire du droit (discipline)</subfield><subfield code="0">(RERO)A009996907</subfield><subfield code="2">rerovoc</subfield></datafield><datafield ind1=" " ind2="7" tag="650"><subfield code="a">norme juridique</subfield><subfield code="0">(RERO)A010014307</subfield><subfield code="2">rerovoc</subfield></datafield><datafield ind1=" " ind2="7" tag="651"><subfield code="a">Europe</subfield><subfield code="0">(IDREF)027224651</subfield><subfield code="2">idref</subfield></datafield><datafield ind1="1" ind2=" " tag="700"><subfield code="a">Caroni, Pio</subfield><subfield code="d">1938-....</subfield><subfield code="0">(IDREF)031679447</subfield></datafield><datafield ind1="1" ind2=" " tag="700"><subfield code="a">Mazzacane, Aldo</subfield><subfield code="d">1943-....</subfield><subfield code="0">(IDREF)029122430</subfield></datafield><datafield ind1="0" ind2=" " tag="773"><subfield code="t">Norm und Tradition : welche Geschichtlichkeit für die Rechtsgeschichte? = Fra norma e tradizione : quale storicità per la storia giuridica?</subfield><subfield code="g">15</subfield><subfield code="w">(RERO)R234167460-41slsp</subfield></datafield><datafield ind1=" " ind2=" " tag="900"><subfield code="a">REROnoselfmerge</subfield></datafield></record>
</metadata></record>