<record><header><identifier>oai:alma.41SLSP_UGE:991000033599705502</identifier><datestamp>2023-03-28T00:13:47Z</datestamp><setSpec>uge_bcen_RapidILL_BOOK</setSpec><setSpec>uge_aaca_RapidILL_BOOK</setSpec><setSpec>uge_abels_RapidILL_BOOK</setSpec><setSpec>uge_dbu_RapidILL_BOOK</setSpec><setSpec>uge_cmu_RapidILL_BOOK</setSpec><setSpec>uge_mail_RapidILL_BOOK</setSpec><setSpec>uge_abbat_RapidILL_BOOK</setSpec><setSpec>UNIGE_ALL</setSpec><setSpec>uge_aobs_RapidILL_BOOK</setSpec><setSpec>uge_acar_RapidILL_BOOK</setSpec></header><metadata>
<record xmlns="http://www.loc.gov/MARC21/slim" xmlns:xsi="http://www.w3.org/2001/XMLSchema-instance" xsi:schemaLocation="http://www.loc.gov/MARC21/slim http://www.loc.gov/standards/marcxml/schema/MARC21slim.xsd"><leader>02180nam a2200421 c 4500</leader><controlfield tag="001">991000033599705502</controlfield><controlfield tag="005">20230327182412.0</controlfield><controlfield tag="008">141021s2015    sz ||||| |||| 00| ||fre d</controlfield><datafield ind1=" " ind2=" " tag="020"><subfield code="a">9782884743549</subfield></datafield><datafield ind1=" " ind2=" " tag="035"><subfield code="a">(swissbib)120785854-41slsp_network</subfield></datafield><datafield ind1=" " ind2=" " tag="035"><subfield code="a">120785854</subfield><subfield code="9">ExL</subfield></datafield><datafield ind1=" " ind2=" " tag="035"><subfield code="a">(RERO)R007912071-41slsp</subfield></datafield><datafield ind1=" " ind2=" " tag="035"><subfield code="a">(EXLNZ-41SLSP_NETWORK)991125345779705501</subfield></datafield><datafield ind1=" " ind2=" " tag="040"><subfield code="a">RERO neueth</subfield><subfield code="d">CH-ZuSLS</subfield></datafield><datafield ind1=" " ind2=" " tag="044"><subfield code="a">sz</subfield><subfield code="c">ch-vd</subfield></datafield><datafield ind1=" " ind2="7" tag="072"><subfield code="a">go</subfield><subfield code="2">rero</subfield></datafield><datafield ind1=" " ind2="7" tag="072"><subfield code="a">et</subfield><subfield code="2">rero</subfield></datafield><datafield ind1="0" ind2="0" tag="245"><subfield code="a">Mondes clos</subfield><subfield code="b">les îles</subfield><subfield code="c">dir. Nicolas Meylan</subfield></datafield><datafield ind1=" " ind2="1" tag="264"><subfield code="a">Gollion</subfield><subfield code="b">Infolio</subfield><subfield code="c">2015</subfield></datafield><datafield ind1=" " ind2=" " tag="300"><subfield code="a">320 p.</subfield><subfield code="b">ill.</subfield><subfield code="c">22 cm</subfield></datafield><datafield ind1=" " ind2=" " tag="336"><subfield code="b">txt</subfield><subfield code="2">rdacontent</subfield></datafield><datafield ind1=" " ind2=" " tag="337"><subfield code="b">n</subfield><subfield code="2">rdamedia</subfield></datafield><datafield ind1=" " ind2=" " tag="338"><subfield code="b">nc</subfield><subfield code="2">rdacarrier</subfield></datafield><datafield ind1="0" ind2=" " tag="490"><subfield code="a">Testimonia</subfield></datafield><datafield ind1="1" ind2=" " tag="490"><subfield code="a">Asdiwal. Supplément</subfield><subfield code="v">[3]</subfield></datafield><datafield ind1=" " ind2=" " tag="500"><subfield code="a">Erreur de la numérotation de la collection</subfield></datafield><datafield ind1=" " ind2=" " tag="504"><subfield code="a">Bibliogr.</subfield></datafield><datafield ind1="8" ind2=" " tag="520"><subfield code="a">4e de couv. : De la Grande Jave à l'Islande en passant par les îles grecques, indiennes, assyriennes ou par les archipels des mers du Sud, les îles sont des objets de fantasmes, de rêves mais aussi de désillusions. Un groupe de chercheurs d'horizons variés s'interroge sur les rapports noués par l'être humain avec ces morceaux de terres, réels ou imaginaires, et sur les discours qu'ils suscitent. En un temps où les questions d'identité collective et de territoires sont plus que jamais sous les feux de l'actualité, cet ouvrage propose une réflexion sur les mécanismes de fabrication d'un espace-type, l'île, à travers la diversité des époques et des cultures, des arts, des sociétés et des croyances religieuses.</subfield><subfield code="5">RERO/neueth/09.2015</subfield></datafield><datafield ind1=" " ind2="7" tag="650"><subfield code="a">Mythologie</subfield><subfield code="0">(IDREF)027240479</subfield><subfield code="2">idref</subfield></datafield><datafield ind1=" " ind2="7" tag="650"><subfield code="a">Littérature</subfield><subfield code="0">(IDREF)027328570</subfield><subfield code="2">idref</subfield></datafield><datafield ind1=" " ind2="7" tag="650"><subfield code="a">Religions</subfield><subfield code="0">(IDREF)027268055</subfield><subfield code="2">idref</subfield></datafield><datafield ind1=" " ind2="7" tag="650"><subfield code="a">Îles</subfield><subfield code="0">(IDREF)027464202</subfield><subfield code="2">idref</subfield></datafield><datafield ind1=" " ind2="7" tag="650"><subfield code="a">Anthropologie</subfield><subfield code="0">(IDREF)027295370</subfield><subfield code="2">idref</subfield></datafield><datafield ind1=" " ind2="7" tag="650"><subfield code="a">Représentations sociales</subfield><subfield code="0">(IDREF)029765978</subfield><subfield code="2">idref</subfield></datafield><datafield ind1=" " ind2="7" tag="650"><subfield code="a">Territorialité humaine</subfield><subfield code="0">(IDREF)029218667</subfield><subfield code="2">idref</subfield></datafield><datafield ind1=" " ind2="7" tag="655"><subfield code="a">[Études diverses]</subfield><subfield code="0">(RERO)A022249905</subfield><subfield code="2">rero</subfield></datafield><datafield ind1="1" ind2=" " tag="700"><subfield code="a">Meylan, Nicolas</subfield><subfield code="d">1977-....</subfield><subfield code="0">(IDREF)181136503</subfield></datafield><datafield ind1=" " ind2="0" tag="830"><subfield code="a">Asdiwal</subfield><subfield code="p">Supplément</subfield><subfield code="v">3</subfield><subfield code="w">(RERO)R008052650-41slsp</subfield></datafield><datafield ind1=" " ind2=" " tag="900"><subfield code="a">REROnoselfmerge</subfield></datafield></record>
</metadata></record>