<record><header><identifier>oai:alma.41SLSP_UGE:991000033179705502</identifier><datestamp>2023-11-24T01:27:10Z</datestamp><setSpec>uge_bcen_RapidILL_BOOK</setSpec><setSpec>uge_aaca_RapidILL_BOOK</setSpec><setSpec>uge_abels_RapidILL_BOOK</setSpec><setSpec>uge_dbu_RapidILL_BOOK</setSpec><setSpec>uge_cmu_RapidILL_BOOK</setSpec><setSpec>uge_mail_RapidILL_BOOK</setSpec><setSpec>uge_abbat_RapidILL_BOOK</setSpec><setSpec>UNIGE_ALL</setSpec><setSpec>uge_aobs_RapidILL_BOOK</setSpec><setSpec>uge_acar_RapidILL_BOOK</setSpec></header><metadata>
<record xmlns="http://www.loc.gov/MARC21/slim" xmlns:xsi="http://www.w3.org/2001/XMLSchema-instance" xsi:schemaLocation="http://www.loc.gov/MARC21/slim http://www.loc.gov/standards/marcxml/schema/MARC21slim.xsd"><leader>02092nam a2200493 c 4500</leader><controlfield tag="001">991000033179705502</controlfield><controlfield tag="005">20230327190621.0</controlfield><controlfield tag="008">201011s1994    sz ||||| |||| 00| ||fre d</controlfield><datafield ind1=" " ind2=" " tag="020"><subfield code="a">2825704008</subfield></datafield><datafield ind1=" " ind2=" " tag="035"><subfield code="a">(swissbib)217527299-41slsp_network</subfield></datafield><datafield ind1=" " ind2=" " tag="035"><subfield code="a">217527299</subfield><subfield code="9">ExL</subfield></datafield><datafield ind1=" " ind2=" " tag="035"><subfield code="a">(RERO)1956633-41slsp</subfield></datafield><datafield ind1=" " ind2=" " tag="035"><subfield code="a">(SBT)000056746SBT01</subfield></datafield><datafield ind1=" " ind2=" " tag="035"><subfield code="a">(NEBIS)001502032EBI01</subfield></datafield><datafield ind1=" " ind2=" " tag="035"><subfield code="a">(ALEX)bv00750316</subfield></datafield><datafield ind1=" " ind2=" " tag="035"><subfield code="a">(EXLNZ-41SLSP_NETWORK)991124170869705501</subfield></datafield><datafield ind1=" " ind2=" " tag="040"><subfield code="a">RERO frbcuc</subfield><subfield code="d">CH-ZuSLS</subfield></datafield><datafield ind1=" " ind2=" " tag="044"><subfield code="a">sz</subfield><subfield code="c">ch-ge</subfield></datafield><datafield ind1=" " ind2="7" tag="072"><subfield code="a">se</subfield><subfield code="2">rero</subfield></datafield><datafield ind1="1" ind2=" " tag="100"><subfield code="a">Dembinski, Paul H.</subfield><subfield code="d">1955-....</subfield><subfield code="0">(IDREF)028306236</subfield><subfield code="4">cre</subfield></datafield><datafield ind1="1" ind2="0" tag="245"><subfield code="a">&lt;&lt;L'&gt;&gt;internationalisation des petites et moyennes entreprises suisses</subfield><subfield code="b">à l'horizon de l'an 2000</subfield><subfield code="c">Paul H. Dembinski ; avec la collab. de Helga Unterlerchner ; préf. de Rodolphe A. Müller</subfield></datafield><datafield ind1="1" ind2=" " tag="246"><subfield code="a">&lt;&lt;L'&gt;&gt;internationalisation des PME suisses</subfield></datafield><datafield ind1=" " ind2="1" tag="264"><subfield code="a">Genève</subfield><subfield code="b">Georg</subfield><subfield code="b">Eco'Diagnostic</subfield><subfield code="c">1994</subfield></datafield><datafield ind1=" " ind2=" " tag="300"><subfield code="a">VIII, 118 S.</subfield><subfield code="c">24 cm</subfield><subfield code="b">Ill., Tab.</subfield></datafield><datafield ind1=" " ind2=" " tag="336"><subfield code="b">txt</subfield><subfield code="2">rdacontent</subfield></datafield><datafield ind1=" " ind2=" " tag="337"><subfield code="b">n</subfield><subfield code="2">rdamedia</subfield></datafield><datafield ind1=" " ind2=" " tag="338"><subfield code="b">nc</subfield><subfield code="2">rdacarrier</subfield></datafield><datafield ind1="1" ind2=" " tag="490"><subfield code="a">Eco'Diagnostic</subfield></datafield><datafield ind1="0" ind2=" " tag="490"><subfield code="a">Analyses &amp; études économiques</subfield></datafield><datafield ind1=" " ind2=" " tag="500"><subfield code="a">Umschlagtitel: L'internationalisation des PME suisses</subfield></datafield><datafield ind1=" " ind2="7" tag="650"><subfield code="a">petite et moyenne entreprise - internationalisation</subfield><subfield code="0">(RERO)A010130893</subfield><subfield code="2">rerovoc</subfield></datafield><datafield ind1=" " ind2="7" tag="650"><subfield code="a">20e siècle (fin)</subfield><subfield code="0">(RERO)A022536780</subfield><subfield code="2">rero</subfield></datafield><datafield ind1=" " ind2="7" tag="650"><subfield code="a">Klein- und Mittelbetrieb</subfield><subfield code="2">idszbz</subfield></datafield><datafield ind1=" " ind2="7" tag="650"><subfield code="a">AUSSENHANDEL + AUSSENWIRTSCHAFT</subfield><subfield code="9">ger</subfield><subfield code="0">(ETHUDK)000010897</subfield><subfield code="2">ethudk</subfield></datafield><datafield ind1=" " ind2="7" tag="650"><subfield code="a">KLEINE UND MITTLERE UNTERNEHMEN</subfield><subfield code="9">ger</subfield><subfield code="0">(ETHUDK)000010597</subfield><subfield code="2">ethudk</subfield></datafield><datafield ind1=" " ind2="7" tag="650"><subfield code="a">KLEINE UNTERNEHMEN</subfield><subfield code="9">ger</subfield><subfield code="0">(ETHUDK)000010598</subfield><subfield code="2">ethudk</subfield></datafield><datafield ind1=" " ind2="7" tag="650"><subfield code="a">SCHWEIZ (MITTELEUROPA). SCHWEIZERISCHE EIDGENOSSENSCHAFT</subfield><subfield code="9">ger</subfield><subfield code="0">(ETHUDK)000004571</subfield><subfield code="2">ethudk</subfield></datafield><datafield ind1=" " ind2="7" tag="651"><subfield code="a">Suisse</subfield><subfield code="0">(IDREF)027249654</subfield><subfield code="2">idref</subfield></datafield><datafield ind1=" " ind2="7" tag="651"><subfield code="a">Schweiz</subfield><subfield code="2">idszbz</subfield></datafield><datafield ind1=" " ind2="7" tag="655"><subfield code="a">Umfrage</subfield><subfield code="2">idszbz</subfield></datafield><datafield ind1=" " ind2=" " tag="691"><subfield code="e">338.64209494</subfield><subfield code="a">Piccola impresa. Svizzera</subfield><subfield code="2">usi-TE</subfield></datafield><datafield ind1="1" ind2=" " tag="700"><subfield code="a">Dembinski, Pawel</subfield><subfield code="0">(SBT11)000002550</subfield></datafield><datafield ind1="1" ind2=" " tag="700"><subfield code="a">Dembinski, Pawel H.</subfield><subfield code="d">1955-</subfield><subfield code="0">(DE-588)14236648X</subfield></datafield><datafield ind1="1" ind2=" " tag="700"><subfield code="a">Unterlerchner, Helga</subfield><subfield code="0">(RERO)A003922250</subfield></datafield><datafield ind1=" " ind2=" " tag="830"><subfield code="a">Eco'Diagnostic</subfield><subfield code="w">(RERO)1956635-41slsp</subfield></datafield><datafield ind1=" " ind2=" " tag="900"><subfield code="a">REROnoselfmerge</subfield></datafield></record>
</metadata></record>