<record><header><identifier>oai:alma.41SLSP_UGE:991000033279705502</identifier><datestamp>2023-04-08T00:22:25Z</datestamp><setSpec>uge_bcen_RapidILL_BOOK</setSpec><setSpec>uge_aaca_RapidILL_BOOK</setSpec><setSpec>uge_abels_RapidILL_BOOK</setSpec><setSpec>uge_dbu_RapidILL_BOOK</setSpec><setSpec>uge_cmu_RapidILL_BOOK</setSpec><setSpec>uge_mail_RapidILL_BOOK</setSpec><setSpec>uge_abbat_RapidILL_BOOK</setSpec><setSpec>UNIGE_ALL</setSpec><setSpec>uge_aobs_RapidILL_BOOK</setSpec><setSpec>uge_acar_RapidILL_BOOK</setSpec></header><metadata>
<record xmlns="http://www.loc.gov/MARC21/slim" xmlns:xsi="http://www.w3.org/2001/XMLSchema-instance" xsi:schemaLocation="http://www.loc.gov/MARC21/slim http://www.loc.gov/standards/marcxml/schema/MARC21slim.xsd"><leader>02354nam a2200577 c 4500</leader><controlfield tag="001">991000033279705502</controlfield><controlfield tag="005">20230406192828.0</controlfield><controlfield tag="008">201011t19881988gw ||||| |||| 00| ||eng d</controlfield><datafield ind1=" " ind2=" " tag="010"><subfield code="a">88004892</subfield></datafield><datafield ind1=" " ind2=" " tag="020"><subfield code="a">3540187499</subfield><subfield code="q">Springer, Berlin</subfield></datafield><datafield ind1=" " ind2=" " tag="020"><subfield code="a">0387187499</subfield><subfield code="q">Springer, New York</subfield></datafield><datafield ind1="7" ind2=" " tag="024"><subfield code="a">http://catalogue.bnf.fr/ark:/12148/cb37384752n</subfield><subfield code="2">uri</subfield></datafield><datafield ind1=" " ind2=" " tag="035"><subfield code="a">(swissbib)217569293-41slsp_network</subfield></datafield><datafield ind1=" " ind2=" " tag="035"><subfield code="a">217569293</subfield><subfield code="9">ExL</subfield></datafield><datafield ind1=" " ind2=" " tag="035"><subfield code="a">(RERO)1102031-41slsp</subfield></datafield><datafield ind1=" " ind2=" " tag="035"><subfield code="a">(NEBIS)001088416EBI01</subfield></datafield><datafield ind1=" " ind2=" " tag="035"><subfield code="a">(EXLNZ-41SLSP_NETWORK)991118114329705501</subfield></datafield><datafield ind1=" " ind2=" " tag="040"><subfield code="a">RERO geusst</subfield><subfield code="d">CH-ZuSLS</subfield></datafield><datafield ind1=" " ind2="7" tag="072"><subfield code="a">st</subfield><subfield code="2">rero</subfield></datafield><datafield ind1="0" ind2="0" tag="082"><subfield code="a">338.2</subfield><subfield code="2">19</subfield></datafield><datafield ind1="1" ind2="4" tag="082"><subfield code="a">338.2</subfield><subfield code="2">22</subfield></datafield><datafield ind1="1" ind2="4" tag="082"><subfield code="a">553</subfield><subfield code="2">22</subfield></datafield><datafield ind1="1" ind2=" " tag="100"><subfield code="a">Gocht, Werner</subfield><subfield code="0">(IDREF)08454418X</subfield><subfield code="4">cre</subfield></datafield><datafield ind1="1" ind2="0" tag="245"><subfield code="a">International mineral economics</subfield><subfield code="b">mineral exploration, mine valuation, mineral markets, international mineral policies</subfield><subfield code="c">W.R. Gocht, H. Zantop, R.G. Eggert</subfield></datafield><datafield ind1=" " ind2="1" tag="264"><subfield code="a">Berlin</subfield><subfield code="a">Heidelberg [etc.]</subfield><subfield code="b">Springer</subfield><subfield code="c">[1988]</subfield></datafield><datafield ind1=" " ind2="4" tag="264"><subfield code="c">© 1988</subfield></datafield><datafield ind1=" " ind2=" " tag="300"><subfield code="a">XIV, 271 p.</subfield><subfield code="b">fig., tabl.</subfield><subfield code="c">24 cm</subfield></datafield><datafield ind1=" " ind2=" " tag="336"><subfield code="b">txt</subfield><subfield code="2">rdacontent</subfield></datafield><datafield ind1=" " ind2=" " tag="337"><subfield code="b">n</subfield><subfield code="2">rdamedia</subfield></datafield><datafield ind1=" " ind2=" " tag="338"><subfield code="b">nc</subfield><subfield code="2">rdacarrier</subfield></datafield><datafield ind1=" " ind2=" " tag="504"><subfield code="a">Bibliogr.: p. 253-261</subfield></datafield><datafield ind1=" " ind2=" " tag="504"><subfield code="a">Literaturverz.</subfield></datafield><datafield ind1="2" ind2="7" tag="610"><subfield code="a">Völkerbund</subfield><subfield code="0">(DE-588)36500-2</subfield><subfield code="2">gnd</subfield></datafield><datafield ind1=" " ind2="7" tag="650"><subfield code="a">économie minière</subfield><subfield code="0">(RERO)A009985784</subfield><subfield code="2">rerovoc</subfield></datafield><datafield ind1=" " ind2="7" tag="650"><subfield code="a">Prospection</subfield><subfield code="0">(IDREF)027241416</subfield><subfield code="2">idref</subfield></datafield><datafield ind1=" " ind2="7" tag="650"><subfield code="a">Bergbau</subfield><subfield code="2">idszbz</subfield></datafield><datafield ind1=" " ind2="7" tag="650"><subfield code="a">Bergbau</subfield><subfield code="0">(DE-588)4005614-4</subfield><subfield code="2">gnd</subfield></datafield><datafield ind1=" " ind2="7" tag="650"><subfield code="a">Internationale Rohstoffpolitik</subfield><subfield code="0">(DE-588)4162054-9</subfield><subfield code="2">gnd</subfield></datafield><datafield ind1=" " ind2="7" tag="650"><subfield code="a">Lagerstätte</subfield><subfield code="0">(DE-588)4039443-8</subfield><subfield code="2">gnd</subfield></datafield><datafield ind1=" " ind2="7" tag="650"><subfield code="a">Mineralischer Rohstoff</subfield><subfield code="0">(DE-588)4039441-4</subfield><subfield code="2">gnd</subfield></datafield><datafield ind1=" " ind2="7" tag="650"><subfield code="a">Rohstoffpolitik</subfield><subfield code="0">(DE-588)4178388-8</subfield><subfield code="2">gnd</subfield></datafield><datafield ind1=" " ind2="7" tag="650"><subfield code="a">Wirtschaftsgeologie</subfield><subfield code="0">(DE-588)4190051-0</subfield><subfield code="2">gnd</subfield></datafield><datafield ind1=" " ind2="0" tag="650"><subfield code="a">Mineral industries</subfield></datafield><datafield ind1=" " ind2="7" tag="650"><subfield code="a">GEOPHYSIKALISCHE AUFSUCHUNGSVERFAHREN (ANGEWANDTE GEOLOGIE UND GEOPHYSIK)</subfield><subfield code="9">ger</subfield><subfield code="0">(ETHUDK)000019948</subfield><subfield code="2">ethudk</subfield></datafield><datafield ind1=" " ind2="7" tag="650"><subfield code="a">MARKSCHEIDEWESEN + PROSPEKTIEREN + SCHÜRFEN (BERGBAU)</subfield><subfield code="9">ger</subfield><subfield code="0">(ETHUDK)000029405</subfield><subfield code="2">ethudk</subfield></datafield><datafield ind1=" " ind2="7" tag="650"><subfield code="a">WELTBANK</subfield><subfield code="9">ger</subfield><subfield code="0">(ETHUDK)000010657</subfield><subfield code="2">ethudk</subfield></datafield><datafield ind1=" " ind2="7" tag="650"><subfield code="a">WIRTSCHAFTSGEOLOGIE + MINERALLAGERSTÄTTEN</subfield><subfield code="9">ger</subfield><subfield code="0">(ETHUDK)000020627</subfield><subfield code="2">ethudk</subfield></datafield><datafield ind1=" " ind2="7" tag="655"><subfield code="a">Aufsatzsammlung</subfield><subfield code="2">gnd-content</subfield></datafield><datafield ind1="1" ind2=" " tag="700"><subfield code="a">Gocht, Werner</subfield><subfield code="d">1937-2006</subfield><subfield code="0">(DE-588)17000158X</subfield></datafield><datafield ind1="1" ind2=" " tag="700"><subfield code="a">Zantop, Half</subfield><subfield code="0">(IDREF)232610843</subfield></datafield><datafield ind1="1" ind2=" " tag="700"><subfield code="a">Eggert, Roderick G</subfield><subfield code="d">1956-....</subfield><subfield code="0">(IDREF)031972314</subfield></datafield><datafield ind1=" " ind2=" " tag="900"><subfield code="a">REROnoselfmerge</subfield></datafield></record>
</metadata></record>