<record><header><identifier>oai:alma.41SLSP_UGE:991000033819705502</identifier><datestamp>2023-08-24T00:29:11Z</datestamp><setSpec>uge_bcen_RapidILL_BOOK</setSpec><setSpec>uge_aaca_RapidILL_BOOK</setSpec><setSpec>uge_abels_RapidILL_BOOK</setSpec><setSpec>uge_dbu_RapidILL_BOOK</setSpec><setSpec>uge_cmu_RapidILL_BOOK</setSpec><setSpec>uge_mail_RapidILL_BOOK</setSpec><setSpec>uge_abbat_RapidILL_BOOK</setSpec><setSpec>UNIGE_ALL</setSpec><setSpec>uge_aobs_RapidILL_BOOK</setSpec><setSpec>uge_acar_RapidILL_BOOK</setSpec></header><metadata>
<record xmlns="http://www.loc.gov/MARC21/slim" xmlns:xsi="http://www.w3.org/2001/XMLSchema-instance" xsi:schemaLocation="http://www.loc.gov/MARC21/slim http://www.loc.gov/standards/marcxml/schema/MARC21slim.xsd"><leader>01369nam a2200349 c 4500</leader><controlfield tag="001">991000033819705502</controlfield><controlfield tag="005">20230822193836.0</controlfield><controlfield tag="008">081112s2008    fr ||||| |||| 00| ||fre d</controlfield><datafield ind1=" " ind2=" " tag="020"><subfield code="a">9782905922212</subfield><subfield code="q">La Salévienne</subfield></datafield><datafield ind1=" " ind2=" " tag="020"><subfield code="a">9782850920127</subfield><subfield code="q">Soc. savoisienne d'histoire et d'arch.</subfield></datafield><datafield ind1="7" ind2=" " tag="024"><subfield code="a">http://catalogue.bnf.fr/ark:/12148/cb41414560q</subfield><subfield code="2">uri</subfield></datafield><datafield ind1=" " ind2=" " tag="035"><subfield code="a">(swissbib)10734887X-41slsp_network</subfield></datafield><datafield ind1=" " ind2=" " tag="035"><subfield code="a">10734887X</subfield><subfield code="9">ExL</subfield></datafield><datafield ind1=" " ind2=" " tag="035"><subfield code="a">(RERO)R004862222-41slsp</subfield></datafield><datafield ind1=" " ind2=" " tag="035"><subfield code="a">(EXLNZ-41SLSP_NETWORK)991108434359705501</subfield></datafield><datafield ind1=" " ind2=" " tag="040"><subfield code="a">RERO vsbcvs</subfield><subfield code="d">CH-ZuSLS</subfield></datafield><datafield ind1=" " ind2="7" tag="072"><subfield code="a">ht</subfield><subfield code="2">rero</subfield></datafield><datafield ind1="1" ind2=" " tag="100"><subfield code="a">Symcox, Geoffrey</subfield><subfield code="0">(IDREF)035038632</subfield><subfield code="4">cre</subfield></datafield><datafield ind1="1" ind2="0" tag="245"><subfield code="a">Victor-Amédée II</subfield><subfield code="b">l'absolutisme dans l'Etat savoyard, 1675-1730</subfield><subfield code="c">Geoffrey Symcox</subfield></datafield><datafield ind1=" " ind2="1" tag="264"><subfield code="a">Chambéry</subfield><subfield code="b">Société savoisienne d'histoire et d'archéologie</subfield><subfield code="c">2008</subfield></datafield><datafield ind1=" " ind2=" " tag="300"><subfield code="a">359 p.</subfield><subfield code="b">ill. en noir et en coul.</subfield><subfield code="c">24 cm</subfield></datafield><datafield ind1=" " ind2=" " tag="336"><subfield code="b">txt</subfield><subfield code="2">rdacontent</subfield></datafield><datafield ind1=" " ind2=" " tag="337"><subfield code="b">n</subfield><subfield code="2">rdamedia</subfield></datafield><datafield ind1=" " ind2=" " tag="338"><subfield code="b">nc</subfield><subfield code="2">rdacarrier</subfield></datafield><datafield ind1="1" ind2=" " tag="490"><subfield code="a">L'histoire en Savoie</subfield><subfield code="v">n.s., no 16(2008)</subfield></datafield><datafield ind1="0" ind2="7" tag="600"><subfield code="a">Victor-Amédée</subfield><subfield code="b">II</subfield><subfield code="c">roi de Sardaigne</subfield><subfield code="d">1666-1732</subfield><subfield code="0">(IDREF)027332802</subfield><subfield code="2">idref</subfield></datafield><datafield ind1=" " ind2="7" tag="650"><subfield code="a">absolutisme</subfield><subfield code="0">(RERO)A009952121</subfield><subfield code="2">rerovoc</subfield></datafield><datafield ind1=" " ind2="7" tag="650"><subfield code="a">1675-1720</subfield><subfield code="2">rero</subfield></datafield><datafield ind1=" " ind2="7" tag="650"><subfield code="a">1720-1730</subfield><subfield code="2">rero</subfield></datafield><datafield ind1=" " ind2="7" tag="651"><subfield code="a">Savoie</subfield><subfield code="0">(IDREF)031152791</subfield><subfield code="2">idref</subfield></datafield><datafield ind1=" " ind2="7" tag="651"><subfield code="a">Royaume de Sardaigne - nord</subfield><subfield code="0">(RERO)A009954940</subfield><subfield code="2">rero</subfield></datafield><datafield ind1=" " ind2="0" tag="830"><subfield code="a">&lt;&lt;L'&gt;&gt;histoire en Savoie</subfield><subfield code="v">2008,16</subfield><subfield code="w">(RERO)0584210-41slsp</subfield></datafield><datafield ind1=" " ind2=" " tag="900"><subfield code="a">REROnoselfmerge</subfield></datafield></record>
</metadata></record>