<record><header><identifier>oai:alma.41SLSP_UGE:991000033299705502</identifier><datestamp>2023-04-08T00:17:38Z</datestamp><setSpec>uge_bcen_RapidILL_BOOK</setSpec><setSpec>uge_aaca_RapidILL_BOOK</setSpec><setSpec>uge_abels_RapidILL_BOOK</setSpec><setSpec>uge_dbu_RapidILL_BOOK</setSpec><setSpec>uge_cmu_RapidILL_BOOK</setSpec><setSpec>uge_mail_RapidILL_BOOK</setSpec><setSpec>uge_abbat_RapidILL_BOOK</setSpec><setSpec>UNIGE_ALL</setSpec><setSpec>uge_acar_RapidILL_BOOK</setSpec><setSpec>uge_aobs_RapidILL_BOOK</setSpec></header><metadata>
<record xmlns="http://www.loc.gov/MARC21/slim" xmlns:xsi="http://www.w3.org/2001/XMLSchema-instance" xsi:schemaLocation="http://www.loc.gov/MARC21/slim http://www.loc.gov/standards/marcxml/schema/MARC21slim.xsd"><leader>02649nam a2200337 c 4500</leader><controlfield tag="001">991000033299705502</controlfield><controlfield tag="005">20230407140423.0</controlfield><controlfield tag="008">170120s2016    fr ||||| |||| 00| ||eng d</controlfield><datafield ind1=" " ind2=" " tag="020"><subfield code="a">2717868461</subfield><subfield code="q">rel</subfield></datafield><datafield ind1=" " ind2=" " tag="020"><subfield code="a">9782717868463</subfield><subfield code="q">rel</subfield></datafield><datafield ind1="3" ind2="0" tag="024"><subfield code="a">9782717868463</subfield></datafield><datafield ind1="7" ind2=" " tag="024"><subfield code="a">http://catalogue.bnf.fr/ark:/12148/cb45159962k</subfield><subfield code="2">uri</subfield></datafield><datafield ind1=" " ind2=" " tag="035"><subfield code="a">(swissbib)123559871-41slsp_network</subfield></datafield><datafield ind1=" " ind2=" " tag="035"><subfield code="a">123559871</subfield><subfield code="9">ExL</subfield></datafield><datafield ind1=" " ind2=" " tag="035"><subfield code="a">(RERO)R008586660-41slsp</subfield></datafield><datafield ind1=" " ind2=" " tag="035"><subfield code="a">(EXLNZ-41SLSP_NETWORK)991032243819705501</subfield></datafield><datafield ind1=" " ind2=" " tag="040"><subfield code="a">ZWZ</subfield><subfield code="b">fre</subfield><subfield code="e">ncafnor</subfield><subfield code="d">CH-ZuSLS</subfield></datafield><datafield ind1=" " ind2="7" tag="072"><subfield code="a">se</subfield><subfield code="2">rero</subfield></datafield><datafield ind1="0" ind2="4" tag="082"><subfield code="a">332.6</subfield><subfield code="2">22</subfield></datafield><datafield ind1="1" ind2=" " tag="100"><subfield code="a">Blanqué, Pascal</subfield><subfield code="d">1964-....</subfield><subfield code="0">(IDREF)121918440</subfield><subfield code="4">cre</subfield></datafield><datafield ind1="1" ind2="0" tag="245"><subfield code="a">Essays in positive investment management</subfield><subfield code="c">Pascal Blanqué</subfield></datafield><datafield ind1=" " ind2=" " tag="250"><subfield code="a">2nd ed.</subfield></datafield><datafield ind1=" " ind2="1" tag="264"><subfield code="a">Paris</subfield><subfield code="b">Economica</subfield><subfield code="c">2016</subfield></datafield><datafield ind1=" " ind2=" " tag="300"><subfield code="a">1 vol. (521 p.)</subfield><subfield code="b">couv. ill.</subfield><subfield code="c">25 cm</subfield></datafield><datafield ind1=" " ind2=" " tag="336"><subfield code="b">txt</subfield><subfield code="2">rdacontent</subfield></datafield><datafield ind1=" " ind2=" " tag="337"><subfield code="b">n</subfield><subfield code="2">rdamedia</subfield></datafield><datafield ind1=" " ind2=" " tag="338"><subfield code="b">nc</subfield><subfield code="2">rdacarrier</subfield></datafield><datafield ind1="8" ind2=" " tag="520"><subfield code="a">La 4e de couverture indique : &quot;There are few people with better insight into investment management than Pascal Blanqué. After the warm welcome with which the book Essays in Positive Investment Management was received, the author is publishing a second, expanded edition. It contains, in particular, discussion of the notion of liquidity as the missing element of the modern portfolio theory ; together with the changes in macro-financial regime as a key determining factor for investment strategies. In this regard, the combination of savings glut, QE glut and secular stagnation, which shapes our environment, is a lasting feature which brings fresh challenges. In this important and timely book, Blanqué made a powerful claim for positive investment in order to avoid fanciful illusions. He assigned it the task of understanding what is happening in today's world. Blanqué argued that the investment world contains many elements of a fairy tale and showed that a mere confrontation with reality leaves its mark on the impressive procession of theoretical, sacred cows, of established beliefs and truths. As does the confrontation with crises. These essays accordingly included an objective assessment of the discipline's sacred cows and explored a number of ways to renew the traditional approaches. There has never been such a need for sound management to bridge the gap between abundant savings and unsatisfied investment requirements. We need new ways to rechannel investment management for the good. We need more investment science not less.&quot;</subfield></datafield><datafield ind1=" " ind2="7" tag="650"><subfield code="a">Investissements</subfield><subfield code="0">(IDREF)027769852</subfield><subfield code="2">idref</subfield></datafield><datafield ind1=" " ind2="7" tag="650"><subfield code="a">Liquidité (économie politique)</subfield><subfield code="0">(IDREF)027851133</subfield><subfield code="2">idref</subfield></datafield><datafield ind1=" " ind2=" " tag="900"><subfield code="a">REROnoselfmerge</subfield></datafield><datafield ind1=" " ind2=" " tag="910"><subfield code="a">OCoLC</subfield><subfield code="b">20170120</subfield><subfield code="c">Droits réservés</subfield></datafield></record>
</metadata></record>