<record><header><identifier>oai:alma.41SLSP_UGE:991000033509705502</identifier><datestamp>2023-03-01T01:09:16Z</datestamp><setSpec>uge_bcen_RapidILL_BOOK</setSpec><setSpec>uge_aaca_RapidILL_BOOK</setSpec><setSpec>uge_abels_RapidILL_BOOK</setSpec><setSpec>uge_dbu_RapidILL_BOOK</setSpec><setSpec>uge_cmu_RapidILL_BOOK</setSpec><setSpec>uge_mail_RapidILL_BOOK</setSpec><setSpec>UNIGE_ALL</setSpec><setSpec>uge_abbat_RapidILL_BOOK</setSpec><setSpec>uge_aobs_RapidILL_BOOK</setSpec><setSpec>uge_acar_RapidILL_BOOK</setSpec></header><metadata>
<record xmlns="http://www.loc.gov/MARC21/slim" xmlns:xsi="http://www.w3.org/2001/XMLSchema-instance" xsi:schemaLocation="http://www.loc.gov/MARC21/slim http://www.loc.gov/standards/marcxml/schema/MARC21slim.xsd"><leader>01336nam a2200361 c 4500</leader><controlfield tag="001">991000033509705502</controlfield><controlfield tag="005">20211104205513.0</controlfield><controlfield tag="008">201011s1966    it ||||| |||| 00| ||ita d</controlfield><datafield ind1=" " ind2=" " tag="035"><subfield code="a">(swissbib)220038082-41slsp_network</subfield></datafield><datafield ind1=" " ind2=" " tag="035"><subfield code="a">220038082</subfield><subfield code="9">ExL</subfield></datafield><datafield ind1=" " ind2=" " tag="035"><subfield code="a">(RERO)R003365745-41slsp</subfield></datafield><datafield ind1=" " ind2=" " tag="035"><subfield code="a">(IDSBB)001165512DSV01</subfield></datafield><datafield ind1=" " ind2=" " tag="035"><subfield code="a">(IDSBB)001012560DSV01</subfield></datafield><datafield ind1=" " ind2=" " tag="035"><subfield code="a">(EXLNZ-41SLSP_NETWORK)991045268219705501</subfield></datafield><datafield ind1=" " ind2=" " tag="040"><subfield code="a">RERO geulit</subfield><subfield code="d">CH-ZuSLS</subfield></datafield><datafield ind1=" " ind2="7" tag="072"><subfield code="a">it</subfield><subfield code="2">rero</subfield></datafield><datafield ind1=" " ind2="7" tag="072"><subfield code="a">it</subfield><subfield code="2">SzZuIDS BS/BE</subfield></datafield><datafield ind1="1" ind2=" " tag="100"><subfield code="a">Manzoni, Alessandro</subfield><subfield code="d">1785-1873</subfield><subfield code="0">(DE-588)118577409</subfield><subfield code="6">880-01</subfield></datafield><datafield ind1="1" ind2=" " tag="880"><subfield code="6">100-01</subfield><subfield code="a">Manzoni, Alessandro</subfield><subfield code="d">1785-1873</subfield><subfield code="0">(IDREF)027006956</subfield><subfield code="4">cre</subfield></datafield><datafield ind1="1" ind2="0" tag="245"><subfield code="a">&lt;&lt;I&gt;&gt; promessi sposi</subfield><subfield code="c">Alessandro Manzoni ; a cura di Lanfranco Caretti</subfield></datafield><datafield ind1=" " ind2="1" tag="264"><subfield code="a">Milano</subfield><subfield code="b">Mursia</subfield><subfield code="c">[1966]</subfield></datafield><datafield ind1=" " ind2="4" tag="264"><subfield code="c">© 1966</subfield></datafield><datafield ind1=" " ind2=" " tag="300"><subfield code="a">586 p.</subfield><subfield code="c">18 cm</subfield></datafield><datafield ind1=" " ind2=" " tag="336"><subfield code="b">txt</subfield><subfield code="2">rdacontent</subfield></datafield><datafield ind1=" " ind2=" " tag="337"><subfield code="b">n</subfield><subfield code="2">rdamedia</subfield></datafield><datafield ind1=" " ind2=" " tag="338"><subfield code="b">nc</subfield><subfield code="2">rdacarrier</subfield></datafield><datafield ind1="1" ind2=" " tag="490"><subfield code="a">Grande universale Mursia. Letteratura</subfield><subfield code="v">22</subfield></datafield><datafield ind1="1" ind2=" " tag="490"><subfield code="a">Classici antichi e moderni</subfield><subfield code="v">12</subfield></datafield><datafield ind1=" " ind2=" " tag="534"><subfield code="p">Nachdruck der Ausgabe von</subfield><subfield code="c">Milano : Guglielmini e Redaelli, 1840</subfield></datafield><datafield ind1="1" ind2=" " tag="700"><subfield code="a">Caretti, Lanfranco</subfield><subfield code="d">1915-1995</subfield><subfield code="0">(DE-588)119354810</subfield><subfield code="6">880-02</subfield></datafield><datafield ind1="1" ind2=" " tag="880"><subfield code="a">Caretti, Lanfranco</subfield><subfield code="0">(RERO)A003076918</subfield><subfield code="6">700-02</subfield></datafield><datafield ind1=" " ind2=" " tag="830"><subfield code="a">Classici antichi e moderni</subfield><subfield code="v">12</subfield><subfield code="w">(IDSBB)001167429DSV01</subfield></datafield><datafield ind1=" " ind2=" " tag="830"><subfield code="a">Grande Universale Mursia</subfield><subfield code="v">22</subfield><subfield code="w">(RERO)0338788-41slsp</subfield></datafield><datafield ind1=" " ind2=" " tag="900"><subfield code="a">REROnoselfmerge</subfield></datafield><datafield ind1=" " ind2=" " tag="993"><subfield code="a">BFLA 158485</subfield><subfield code="x">ge/ulit/a/FLs 11958</subfield><subfield code="9">LOCAL</subfield></datafield></record>
</metadata></record>