<record><header><identifier>oai:alma.41SLSP_UGE:991000033809705502</identifier><datestamp>2023-04-15T00:12:19Z</datestamp><setSpec>uge_bcen_RapidILL_BOOK</setSpec><setSpec>uge_aaca_RapidILL_BOOK</setSpec><setSpec>uge_abels_RapidILL_BOOK</setSpec><setSpec>uge_dbu_RapidILL_BOOK</setSpec><setSpec>uge_cmu_RapidILL_BOOK</setSpec><setSpec>uge_mail_RapidILL_BOOK</setSpec><setSpec>uge_abbat_RapidILL_BOOK</setSpec><setSpec>UNIGE_ALL</setSpec><setSpec>uge_acar_RapidILL_BOOK</setSpec><setSpec>uge_aobs_RapidILL_BOOK</setSpec></header><metadata>
<record xmlns="http://www.loc.gov/MARC21/slim" xmlns:xsi="http://www.w3.org/2001/XMLSchema-instance" xsi:schemaLocation="http://www.loc.gov/MARC21/slim http://www.loc.gov/standards/marcxml/schema/MARC21slim.xsd"><leader>04933nam a2200601 c 4500</leader><controlfield tag="001">991000033809705502</controlfield><controlfield tag="005">20230414201941.0</controlfield><controlfield tag="008">201011s2018    xxu      |||| 100 ||eng|d</controlfield><datafield ind1=" " ind2=" " tag="020"><subfield code="a">9781470436810</subfield></datafield><datafield ind1=" " ind2=" " tag="020"><subfield code="a">1470436817</subfield></datafield><datafield ind1=" " ind2=" " tag="035"><subfield code="a">(swissbib)221524002-41slsp_network</subfield></datafield><datafield ind1=" " ind2=" " tag="035"><subfield code="a">221524002</subfield><subfield code="9">ExL</subfield></datafield><datafield ind1=" " ind2=" " tag="035"><subfield code="a">(NEBIS)011349556EBI01</subfield></datafield><datafield ind1=" " ind2=" " tag="035"><subfield code="a">(RERO)R008887327-41slsp</subfield></datafield><datafield ind1=" " ind2=" " tag="035"><subfield code="a">(OCoLC)1083286460</subfield></datafield><datafield ind1=" " ind2=" " tag="035"><subfield code="a">(EXLNZ-41SLSP_NETWORK)991117731419705501</subfield></datafield><datafield ind1=" " ind2=" " tag="040"><subfield code="a">DEBBG</subfield><subfield code="b">ger</subfield><subfield code="e">rda</subfield><subfield code="d">CH-ZuSLS</subfield></datafield><datafield ind1="0" ind2="0" tag="050"><subfield code="a">QC20.5</subfield><subfield code="b">.Q28 2016</subfield></datafield><datafield ind1=" " ind2="7" tag="072"><subfield code="a">ma</subfield><subfield code="2">rero</subfield></datafield><datafield ind1="0" ind2="0" tag="082"><subfield code="a">530.13</subfield><subfield code="2">23</subfield></datafield><datafield ind1=" " ind2=" " tag="084"><subfield code="a">81</subfield><subfield code="2">msc</subfield></datafield><datafield ind1="2" ind2=" " tag="111"><subfield code="a">Mathematical Results in Quantum Physics</subfield><subfield code="e">QMATH Conference</subfield><subfield code="e">QMATH Conference</subfield><subfield code="n">13</subfield><subfield code="d">2016</subfield><subfield code="c">Atlanta, Georgia</subfield></datafield><datafield ind1="1" ind2="0" tag="245"><subfield code="a">Mathematical problems in quantum physics</subfield><subfield code="b">QMATH13: Mathematical Results in Quantum Physics, October 8-11, 2016, Georgia Institute of Technology, Atlanta, Georgia</subfield><subfield code="c">Federico Bonetto, David Borthwick, Evans Harrell, Michael Loss (editors)</subfield></datafield><datafield ind1=" " ind2="1" tag="264"><subfield code="a">Providence, Rhode Island</subfield><subfield code="b">American Mathematical Society</subfield><subfield code="c">[2018]</subfield></datafield><datafield ind1=" " ind2=" " tag="300"><subfield code="a">338 p.</subfield><subfield code="b">ill.</subfield></datafield><datafield ind1=" " ind2=" " tag="336"><subfield code="b">txt</subfield><subfield code="2">rdacontent</subfield></datafield><datafield ind1=" " ind2=" " tag="337"><subfield code="b">n</subfield><subfield code="2">rdamedia</subfield></datafield><datafield ind1=" " ind2=" " tag="338"><subfield code="b">nc</subfield><subfield code="2">rdacarrier</subfield></datafield><datafield ind1="1" ind2=" " tag="490"><subfield code="a">Contemporary mathematics</subfield><subfield code="v">717</subfield></datafield><datafield ind1=" " ind2=" " tag="500"><subfield code="a">Place of publication from publisher's website</subfield></datafield><datafield ind1=" " ind2=" " tag="504"><subfield code="a">Includes bibliographical references</subfield></datafield><datafield ind1="0" ind2=" " tag="505"><subfield code="a">A short proof of the ionization conjecture in Müller theory / Rupert L. Frank, Phan Thành Nam and Hanne van den Bosch -- Mean-field dynamics of interacting fermionic systems / Marcello Porta -- Correlations in disordered quantum harmonic oscillator systems : the effects of excitations and quantum quenches / Houssam Abdul-Rahman, Robert Sims and Gunter Stolz -- The lattice Anderson model with discrete disorder / John Z. Imbrie -- Interacting fermions with quasi-random disorder / Vieri Mastropietro -- Local density approximation for almost-bosonic anyons / M. Correggi, D. Lundholm and N. Rougerie -- Lieb-Robinson bounds, the spectral flow, and stability of the spectral gap for lattice fermion systems / Bruno Nachtergaele, Robert Sims and Amanda Young -- Solvable models of interacting n-particle systems on quantum graphs / Jens Bolte and George Garforth -- Nonlinear sturm oscillation : from the interval to a star / Ram Band and August J. Krueger -- Existence of the ground state for the NLS with potential on graphs / Claudio Cacciapuoti -- Fredholm theory of differential operators on periodic graphs / Vladimir Rabinovich -- Optimization of the lowest eigenvalue for leaky star graphs / Pavel Exner and Vladimir Lotoreichik -- Local eigenvalue asymptotics of the perturbed Krein Laplacian / Vincent Bruneau and Georgi Raikov -- Singular spectrum and recent results on hierarchical operators / Per von Soosten and Simone Warzel -- On Parseval frames of exponentially decaying composite Wannier functions / David Auckly and Peter Kuchment -- Non-demolition measurements of observables with general spectra / M. Ballesteros, N. Crawford, M. Fraas, J. Frohlich and B. Schubnel -- Subfactors and quantum information theory / Pieter Naaijkens -- Dressing up for length gauge : mathematical aspects of a debate in quantum optics / Rainer Dick -- Random phase infinite coherent states : construction and dynamics / Alain Joye and Marco Merkli -- Effective evolution of open dimers / Marco Merkli</subfield></datafield><datafield ind1=" " ind2="7" tag="650"><subfield code="a">Mathematische Physik</subfield><subfield code="0">(DE-588)4037952-8</subfield><subfield code="2">gnd</subfield></datafield><datafield ind1=" " ind2="7" tag="650"><subfield code="a">Quantenphysik</subfield><subfield code="0">(DE-588)4266670-3</subfield><subfield code="2">gnd</subfield></datafield><datafield ind1=" " ind2="7" tag="650"><subfield code="a">GRAPHENTHEORIE (MATHEMATIK)</subfield><subfield code="9">ger</subfield><subfield code="0">(ETHUDK)000013511</subfield><subfield code="2">ethudk</subfield></datafield><datafield ind1=" " ind2="7" tag="650"><subfield code="a">MATHEMATISCHE PHYSIK</subfield><subfield code="9">ger</subfield><subfield code="0">(ETHUDK)000012468</subfield><subfield code="2">ethudk</subfield></datafield><datafield ind1=" " ind2="7" tag="650"><subfield code="a">QUANTENTHEORIE</subfield><subfield code="9">ger</subfield><subfield code="0">(ETHUDK)000014266</subfield><subfield code="2">ethudk</subfield></datafield><datafield ind1=" " ind2="7" tag="650"><subfield code="a">RENORMALISIERUNGSGRUPPE (ALGEBRA)</subfield><subfield code="9">ger</subfield><subfield code="0">(ETHUDK)000041240</subfield><subfield code="2">ethudk</subfield></datafield><datafield ind1=" " ind2="7" tag="650"><subfield code="a">SCHRÖDINGEROPERATOREN (FUNKTIONALANALYSIS)</subfield><subfield code="9">ger</subfield><subfield code="0">(ETHUDK)000013469</subfield><subfield code="2">ethudk</subfield></datafield><datafield ind1=" " ind2="7" tag="650"><subfield code="a">STOCHASTISCHE DIFFERENTIALGLEICHUNGEN (WAHRSCHEINLICHKEITSRECHNUNG)</subfield><subfield code="9">ger</subfield><subfield code="0">(ETHUDK)000013545</subfield><subfield code="2">ethudk</subfield></datafield><datafield ind1=" " ind2="7" tag="650"><subfield code="a">VIELKÖRPERPROBLEME/QUANTENTHEORIE</subfield><subfield code="9">ger</subfield><subfield code="0">(ETHUDK)000014293</subfield><subfield code="2">ethudk</subfield></datafield><datafield ind1=" " ind2="0" tag="650"><subfield code="a">Mathematical physics</subfield><subfield code="v">Congresses</subfield></datafield><datafield ind1=" " ind2="0" tag="650"><subfield code="a">Quantum theory</subfield><subfield code="v">Congresses</subfield></datafield><datafield ind1=" " ind2="7" tag="655"><subfield code="a">Konferenzschrift</subfield><subfield code="z">Atlanta, Georgia</subfield><subfield code="y">2016</subfield><subfield code="2">gnd-content</subfield></datafield><datafield ind1="1" ind2=" " tag="700"><subfield code="a">Borthwick, David</subfield><subfield code="0">(DE-588)1112155821</subfield><subfield code="4">edt</subfield></datafield><datafield ind1="1" ind2=" " tag="700"><subfield code="a">Harrell, Evans</subfield><subfield code="0">(DE-588)117500426X</subfield><subfield code="4">edt</subfield></datafield><datafield ind1="1" ind2=" " tag="700"><subfield code="a">Loss, Michael</subfield><subfield code="d">1954-</subfield><subfield code="0">(DE-588)172513804</subfield><subfield code="4">edt</subfield></datafield><datafield ind1="1" ind2=" " tag="700"><subfield code="a">Bonetto, Federico</subfield><subfield code="0">(DE-588)1175003980</subfield><subfield code="4">edt</subfield><subfield code="6">880-05</subfield></datafield><datafield ind1="1" ind2=" " tag="880"><subfield code="6">700-05</subfield><subfield code="a">Bonetto, Federico</subfield><subfield code="0">(IDREF)087491893</subfield><subfield code="4">edt</subfield></datafield><datafield ind1="2" ind2=" " tag="711"><subfield code="a">QMath13 Conference</subfield><subfield code="d">2016</subfield><subfield code="c">Atlanta, Ga.</subfield><subfield code="0">(RERO)A027771746</subfield></datafield><datafield ind1="4" ind2=" " tag="856"><subfield code="3">Titelblatt und Inhaltsverzeichnis</subfield><subfield code="u">https://toc.library.ethz.ch/objects/pdf03/e01_978-1-4704-3681-0_01.pdf</subfield><subfield code="q">pdf</subfield></datafield><datafield ind1=" " ind2="0" tag="830"><subfield code="a">Contemporary mathematics</subfield><subfield code="v">717</subfield><subfield code="w">(NEBIS)000016372EBI01</subfield></datafield><datafield ind1=" " ind2="0" tag="830"><subfield code="a">Contemporary mathematics</subfield><subfield code="p">American Mathematical Society</subfield><subfield code="v">717</subfield><subfield code="w">(RERO)0588732-41slsp</subfield></datafield><datafield ind1=" " ind2=" " tag="949"><subfield code="a">https://toc.library.ethz.ch/objects/pdf03/e01_978-1-4704-3681-0_01.pdf</subfield></datafield></record>
</metadata></record><record><header status="deleted"><identifier>oai:alma.41SLSP_UGE:991000033289705502</identifier><datestamp>2023-05-31T00:11:25Z</datestamp><setSpec>uge_bcen_RapidILL_BOOK</setSpec><setSpec>uge_aaca_RapidILL_BOOK</setSpec><setSpec>uge_abels_RapidILL_BOOK</setSpec><setSpec>uge_dbu_RapidILL_BOOK</setSpec><setSpec>uge_cmu_RapidILL_BOOK</setSpec><setSpec>uge_mail_RapidILL_BOOK</setSpec><setSpec>uge_abbat_RapidILL_BOOK</setSpec><setSpec>UNIGE_ALL</setSpec><setSpec>uge_acar_RapidILL_BOOK</setSpec><setSpec>uge_aobs_RapidILL_BOOK</setSpec></header></record>