<record><header><identifier>oai:alma.41SLSP_UGE:991000032979705502</identifier><datestamp>2023-04-14T00:13:45Z</datestamp><setSpec>uge_bcen_RapidILL_BOOK</setSpec><setSpec>uge_aaca_RapidILL_BOOK</setSpec><setSpec>uge_abels_RapidILL_BOOK</setSpec><setSpec>uge_dbu_RapidILL_BOOK</setSpec><setSpec>uge_cmu_RapidILL_BOOK</setSpec><setSpec>uge_mail_RapidILL_BOOK</setSpec><setSpec>uge_abbat_RapidILL_BOOK</setSpec><setSpec>UNIGE_ALL</setSpec><setSpec>uge_aobs_RapidILL_BOOK</setSpec><setSpec>uge_acar_RapidILL_BOOK</setSpec></header><metadata>
<record xmlns="http://www.loc.gov/MARC21/slim" xmlns:xsi="http://www.w3.org/2001/XMLSchema-instance" xsi:schemaLocation="http://www.loc.gov/MARC21/slim http://www.loc.gov/standards/marcxml/schema/MARC21slim.xsd"><leader>02558nam a2200649 c 4500</leader><controlfield tag="001">991000032979705502</controlfield><controlfield tag="005">20230413212049.0</controlfield><controlfield tag="008">201012s2010    xxu           00| | eng| </controlfield><datafield ind1=" " ind2=" " tag="015"><subfield code="a">GBB042433</subfield><subfield code="2">bnb</subfield></datafield><datafield ind1="7" ind2=" " tag="016"><subfield code="a">015515625</subfield><subfield code="2">Uk</subfield></datafield><datafield ind1=" " ind2=" " tag="020"><subfield code="a">0521883865</subfield><subfield code="q">hbk.</subfield></datafield><datafield ind1=" " ind2=" " tag="020"><subfield code="a">0521710111</subfield><subfield code="q">pbk.</subfield></datafield><datafield ind1=" " ind2=" " tag="020"><subfield code="a">9780521710114</subfield><subfield code="q">pbk.</subfield><subfield code="c">GBP 18.99</subfield></datafield><datafield ind1=" " ind2=" " tag="020"><subfield code="a">9780521883863</subfield><subfield code="q">hbk.</subfield></datafield><datafield ind1=" " ind2=" " tag="035"><subfield code="a">(swissbib)237816075-41slsp_network</subfield></datafield><datafield ind1=" " ind2=" " tag="035"><subfield code="a">237816075</subfield><subfield code="9">ExL</subfield></datafield><datafield ind1=" " ind2=" " tag="035"><subfield code="a">(IDSLU)000845550ILU01</subfield></datafield><datafield ind1=" " ind2=" " tag="035"><subfield code="a">(IDSBB)005241334DSV01</subfield></datafield><datafield ind1=" " ind2=" " tag="035"><subfield code="a">(NEBIS)006058786EBI01</subfield></datafield><datafield ind1=" " ind2=" " tag="035"><subfield code="a">(RERO)R005420627-41slsp</subfield></datafield><datafield ind1=" " ind2=" " tag="035"><subfield code="a">(OCoLC)489003075</subfield></datafield><datafield ind1=" " ind2=" " tag="035"><subfield code="a">(EXLNZ-41SLSP_NETWORK)991073178849705501</subfield></datafield><datafield ind1=" " ind2=" " tag="040"><subfield code="a">UKM</subfield><subfield code="e">kids</subfield><subfield code="d">CH-ZuSLS</subfield></datafield><datafield ind1=" " ind2="7" tag="072"><subfield code="a">160</subfield><subfield code="2">IDS LU</subfield></datafield><datafield ind1=" " ind2="7" tag="072"><subfield code="a">100</subfield><subfield code="2">IDS LU</subfield></datafield><datafield ind1=" " ind2="7" tag="072"><subfield code="a">ph</subfield><subfield code="2">SzZuIDS BS/BE</subfield></datafield><datafield ind1=" " ind2="7" tag="072"><subfield code="a">ph</subfield><subfield code="2">rero</subfield></datafield><datafield ind1="0" ind2="4" tag="082"><subfield code="a">121</subfield><subfield code="2">22</subfield></datafield><datafield ind1="1" ind2="4" tag="082"><subfield code="a">193</subfield><subfield code="2">21</subfield></datafield><datafield ind1=" " ind2=" " tag="084"><subfield code="a">CF 5015</subfield><subfield code="2">rvk</subfield></datafield><datafield ind1=" " ind2=" " tag="084"><subfield code="a">CF 5017</subfield><subfield code="2">rvk</subfield></datafield><datafield ind1="0" ind2="0" tag="245"><subfield code="a">&lt;&lt;The&gt;&gt; Cambridge companion to Kant's &quot;Critique of pure reason&quot;</subfield><subfield code="c">ed. by Paul Guyer</subfield></datafield><datafield ind1="1" ind2="0" tag="246"><subfield code="a">Kant's &quot;Critique of pure reason&quot;</subfield></datafield><datafield ind1=" " ind2="1" tag="264"><subfield code="a">New York</subfield><subfield code="b">Cambridge University Press</subfield><subfield code="c">2010</subfield></datafield><datafield ind1=" " ind2=" " tag="300"><subfield code="a">461 S.</subfield><subfield code="c">23 cm</subfield></datafield><datafield ind1=" " ind2=" " tag="336"><subfield code="b">txt</subfield><subfield code="2">rdacontent</subfield></datafield><datafield ind1=" " ind2=" " tag="337"><subfield code="b">n</subfield><subfield code="2">rdamedia</subfield></datafield><datafield ind1=" " ind2=" " tag="338"><subfield code="b">nc</subfield><subfield code="2">rdacarrier</subfield></datafield><datafield ind1="0" ind2=" " tag="490"><subfield code="a">Cambridge companions to philosophy</subfield></datafield><datafield ind1="1" ind2="7" tag="600"><subfield code="a">Kant, Immanuel</subfield><subfield code="d">1724-1804</subfield><subfield code="t">Kritik der praktischen Vernunft</subfield><subfield code="0">(DE-588)4099254-8</subfield><subfield code="2">gnd</subfield></datafield><datafield ind1="1" ind2="7" tag="600"><subfield code="a">Kant, Immanuel</subfield><subfield code="x">Kritik der reinen Vernunft</subfield><subfield code="2">idsbb</subfield></datafield><datafield ind1="1" ind2="0" tag="600"><subfield code="a">Kant, Immanuel</subfield><subfield code="d">1724-1804</subfield><subfield code="t">Critique of pure reason</subfield></datafield><datafield ind1="1" ind2="7" tag="600"><subfield code="a">Kant, Immanuel</subfield><subfield code="d">1724-1804</subfield><subfield code="t">Kritik der reinen Vernunft</subfield><subfield code="9">U:Cyrl</subfield><subfield code="9">L:rus</subfield><subfield code="0">(DE-588)4099256-1</subfield><subfield code="2">gnd</subfield></datafield><datafield ind1="1" ind2="7" tag="600"><subfield code="a">Kant, Immanuel; Kritik der reinen Vernunft</subfield><subfield code="2">idszbz</subfield></datafield><datafield ind1="1" ind2="0" tag="600"><subfield code="a">Kant, Immanuel</subfield><subfield code="d">1724-1804</subfield></datafield><datafield ind1="1" ind2="0" tag="600"><subfield code="a">Kant, Immanuel</subfield><subfield code="d">1724-1804</subfield><subfield code="t">Kritik der reinen Vernunft</subfield></datafield><datafield ind1="1" ind2="7" tag="600"><subfield code="a">Kant, Immanuel</subfield><subfield code="d">1724-1804</subfield><subfield code="t">Kritik der reinen Vernunft</subfield><subfield code="0">(IDREF)028245946</subfield><subfield code="2">idref</subfield></datafield><datafield ind1="0" ind2="0" tag="630"><subfield code="a">Kritik der reinen Vernunft</subfield></datafield><datafield ind1=" " ind2="2" tag="650"><subfield code="a">Philosophy</subfield><subfield code="0">(DNLM)D010684</subfield></datafield><datafield ind1=" " ind2="7" tag="655"><subfield code="a">Aufsatzsammlung</subfield><subfield code="2">gnd-content</subfield></datafield><datafield ind1=" " ind2="7" tag="655"><subfield code="a">Aufsatzsammlung</subfield><subfield code="2">idszbz</subfield></datafield><datafield ind1=" " ind2="7" tag="655"><subfield code="a">[Études diverses]</subfield><subfield code="0">(RERO)A022249905</subfield><subfield code="2">rero</subfield></datafield><datafield ind1="1" ind2=" " tag="700"><subfield code="a">Guyer, Paul</subfield><subfield code="d">1948-</subfield><subfield code="0">(DE-588)131740792</subfield><subfield code="6">880-02</subfield></datafield><datafield ind1="1" ind2=" " tag="880"><subfield code="6">700-02</subfield><subfield code="a">Guyer, Paul</subfield><subfield code="d">1948-....</subfield><subfield code="0">(IDREF)030545358</subfield></datafield><datafield ind1="4" ind2=" " tag="856"><subfield code="3">Titelblatt und Inhaltsverzeichnis</subfield><subfield code="u">https://toc.library.ethz.ch/objects/pdf/z01_978-0-521-88386-3_01.pdf</subfield><subfield code="q">pdf</subfield></datafield><datafield ind1=" " ind2=" " tag="900"><subfield code="a">IDSZ2zbzmon201009f</subfield><subfield code="c">IDSZ2proc</subfield><subfield code="d">IDSZ2zbzswk201010b</subfield><subfield code="e">IDSZ2somm</subfield></datafield><datafield ind1=" " ind2=" " tag="911"><subfield code="a">700</subfield><subfield code="a">Guyer, Paul</subfield><subfield code="d">1948-</subfield></datafield><datafield ind1=" " ind2=" " tag="949"><subfield code="a">https://toc.library.ethz.ch/objects/pdf/z01_978-0-521-88386-3_01.pdf</subfield></datafield></record>
</metadata></record>