<record><header><identifier>oai:alma.41SLSP_UGE:991000033209705502</identifier><datestamp>2024-03-09T01:30:12Z</datestamp><setSpec>uge_bcen_RapidILL_BOOK</setSpec><setSpec>uge_aaca_RapidILL_BOOK</setSpec><setSpec>uge_abels_RapidILL_BOOK</setSpec><setSpec>uge_dbu_RapidILL_BOOK</setSpec><setSpec>uge_cmu_RapidILL_BOOK</setSpec><setSpec>uge_mail_RapidILL_BOOK</setSpec><setSpec>uge_abbat_RapidILL_BOOK</setSpec><setSpec>UNIGE_ALL</setSpec><setSpec>uge_acar_RapidILL_BOOK</setSpec><setSpec>uge_aobs_RapidILL_BOOK</setSpec></header><metadata>
<record xmlns="http://www.loc.gov/MARC21/slim" xmlns:xsi="http://www.w3.org/2001/XMLSchema-instance" xsi:schemaLocation="http://www.loc.gov/MARC21/slim http://www.loc.gov/standards/marcxml/schema/MARC21slim.xsd"><leader>07930nam a2201285 c 4500</leader><controlfield tag="001">991000033209705502</controlfield><controlfield tag="005">20240308060908.0</controlfield><controlfield tag="008">201012s2009    sz ||||| |||| 00| ||ger d</controlfield><datafield ind1=" " ind2=" " tag="015"><subfield code="a">GFR-DNB-08,N45,0547</subfield></datafield><datafield ind1="7" ind2=" " tag="016"><subfield code="a">990849619</subfield><subfield code="2">GyFmDB</subfield></datafield><datafield ind1=" " ind2=" " tag="020"><subfield code="a">9783725309153</subfield><subfield code="q">Pb.</subfield><subfield code="c">sfr 36.00 (freier Pr.), EUR 23.00</subfield></datafield><datafield ind1=" " ind2=" " tag="035"><subfield code="a">(swissbib)237360950-41slsp_network</subfield></datafield><datafield ind1=" " ind2=" " tag="035"><subfield code="a">237360950</subfield><subfield code="9">ExL</subfield></datafield><datafield ind1=" " ind2=" " tag="035"><subfield code="a">(RERO)R004861425-41slsp</subfield></datafield><datafield ind1=" " ind2=" " tag="035"><subfield code="a">(IDSLU)000592037ILU01</subfield></datafield><datafield ind1=" " ind2=" " tag="035"><subfield code="a">(NEBIS)005706222EBI01</subfield></datafield><datafield ind1=" " ind2=" " tag="035"><subfield code="a">(IDSSG)000471381HSB01</subfield></datafield><datafield ind1=" " ind2=" " tag="035"><subfield code="a">(IDSBB)004651140DSV01</subfield></datafield><datafield ind1=" " ind2=" " tag="035"><subfield code="a">(ABN)000423638ABN01</subfield></datafield><datafield ind1=" " ind2=" " tag="035"><subfield code="a">(ALEX)bv001397632</subfield></datafield><datafield ind1=" " ind2=" " tag="035"><subfield code="a">(EXLNZ-41SLSP_NETWORK)991110162459705501</subfield></datafield><datafield ind1=" " ind2=" " tag="040"><subfield code="a">GyFmDB</subfield><subfield code="d">CH-ZuSLS</subfield></datafield><datafield ind1=" " ind2=" " tag="044"><subfield code="a">sz</subfield><subfield code="c">ch-zh</subfield></datafield><datafield ind1=" " ind2="7" tag="072"><subfield code="a">ss</subfield><subfield code="2">rero</subfield></datafield><datafield ind1=" " ind2="7" tag="072"><subfield code="a">dr</subfield><subfield code="2">rero</subfield></datafield><datafield ind1=" " ind2="7" tag="072"><subfield code="a">172</subfield><subfield code="2">IDS LU</subfield></datafield><datafield ind1=" " ind2="7" tag="072"><subfield code="a">wi</subfield><subfield code="2">SzZuIDS BS/BE</subfield></datafield><datafield ind1="0" ind2="4" tag="082"><subfield code="a">331.252</subfield><subfield code="2">22</subfield></datafield><datafield ind1="0" ind2="4" tag="082"><subfield code="a">261.83609494</subfield><subfield code="2">22/ger</subfield></datafield><datafield ind1="0" ind2="4" tag="082"><subfield code="a">368.43009494</subfield><subfield code="2">22/ger</subfield></datafield><datafield ind1="1" ind2="4" tag="082"><subfield code="a">330</subfield><subfield code="2">15</subfield></datafield><datafield ind1=" " ind2=" " tag="084"><subfield code="a">CA/CH 57.2 h</subfield><subfield code="2">cjurrom</subfield></datafield><datafield ind1=" " ind2=" " tag="084"><subfield code="a">QX 400</subfield><subfield code="2">rvk</subfield></datafield><datafield ind1="1" ind2=" " tag="100"><subfield code="a">Bowald, Béatrice</subfield><subfield code="c">théologienne</subfield><subfield code="0">(IDREF)182425908</subfield><subfield code="4">cre</subfield></datafield><datafield ind1="1" ind2="0" tag="245"><subfield code="a">Brennpunkt Altersvorsorge</subfield><subfield code="b">Gerechtigkeit angesichts demografischer Herausforderungen</subfield><subfield code="c">Béatrice Bowald, Wolfgang E. Bürgstein</subfield></datafield><datafield ind1=" " ind2="1" tag="264"><subfield code="a">Zürich</subfield><subfield code="b">Rüegger</subfield><subfield code="c">2009</subfield></datafield><datafield ind1=" " ind2=" " tag="300"><subfield code="a">144 S.</subfield><subfield code="b">Ill.</subfield><subfield code="c">23 cm</subfield></datafield><datafield ind1=" " ind2=" " tag="336"><subfield code="b">txt</subfield><subfield code="2">rdacontent</subfield></datafield><datafield ind1=" " ind2=" " tag="337"><subfield code="b">n</subfield><subfield code="2">rdamedia</subfield></datafield><datafield ind1=" " ind2=" " tag="338"><subfield code="b">nc</subfield><subfield code="2">rdacarrier</subfield></datafield><datafield ind1=" " ind2=" " tag="504"><subfield code="a">Bibliogr.: S. 137-144</subfield></datafield><datafield ind1=" " ind2="7" tag="650"><subfield code="a">soziale Sicherheit</subfield><subfield code="9">ger</subfield><subfield code="0">(RERO)jurivoc000020493ger</subfield><subfield code="2">jurivoc</subfield></datafield><datafield ind1=" " ind2="7" tag="650"><subfield code="a">Betagter</subfield><subfield code="9">ger</subfield><subfield code="0">(RERO)jurivoc000003680ger</subfield><subfield code="2">jurivoc</subfield></datafield><datafield ind1=" " ind2="7" tag="650"><subfield code="a">Gerechtigkeit</subfield><subfield code="9">ger</subfield><subfield code="0">(RERO)jurivoc000009599ger</subfield><subfield code="2">jurivoc</subfield></datafield><datafield ind1=" " ind2="7" tag="650"><subfield code="a">AHV</subfield><subfield code="9">ger</subfield><subfield code="0">(RERO)jurivoc000000645ger</subfield><subfield code="2">jurivoc</subfield></datafield><datafield ind1=" " ind2="7" tag="650"><subfield code="a">Drei-Säulen-Konzept</subfield><subfield code="9">ger</subfield><subfield code="0">(RERO)jurivoc000005853ger</subfield><subfield code="2">jurivoc</subfield></datafield><datafield ind1=" " ind2="7" tag="650"><subfield code="a">Finanzierung(allgemein)</subfield><subfield code="9">ger</subfield><subfield code="0">(RERO)jurivoc000008365ger</subfield><subfield code="2">jurivoc</subfield></datafield><datafield ind1=" " ind2="7" tag="650"><subfield code="a">Finanzierung der Versicherung</subfield><subfield code="9">ger</subfield><subfield code="0">(RERO)jurivoc000008362ger</subfield><subfield code="2">jurivoc</subfield></datafield><datafield ind1=" " ind2="7" tag="650"><subfield code="a">Bevölkerung</subfield><subfield code="9">ger</subfield><subfield code="0">(RERO)jurivoc000003826ger</subfield><subfield code="2">jurivoc</subfield></datafield><datafield ind1=" " ind2="7" tag="650"><subfield code="a">Sozialpolitik</subfield><subfield code="9">ger</subfield><subfield code="0">(RERO)jurivoc000020519ger</subfield><subfield code="2">jurivoc</subfield></datafield><datafield ind1=" " ind2="7" tag="650"><subfield code="a">assurance vieillesse et survivants</subfield><subfield code="0">(RERO)A009956256</subfield><subfield code="2">rerovoc</subfield></datafield><datafield ind1=" " ind2="7" tag="650"><subfield code="a">Équité</subfield><subfield code="0">(IDREF)028228731</subfield><subfield code="2">idref</subfield></datafield><datafield ind1=" " ind2="7" tag="650"><subfield code="a">politique de la vieillesse</subfield><subfield code="0">(RERO)A010020004</subfield><subfield code="2">rerovoc</subfield></datafield><datafield ind1=" " ind2="7" tag="650"><subfield code="a">population - évolution</subfield><subfield code="0">(RERO)A010020287</subfield><subfield code="2">rerovoc</subfield></datafield><datafield ind1=" " ind2="7" tag="650"><subfield code="a">prévoyance individuelle</subfield><subfield code="0">(RERO)A009956258</subfield><subfield code="2">rerovoc</subfield></datafield><datafield ind1=" " ind2="7" tag="650"><subfield code="a">prévoyance professionnelle</subfield><subfield code="0">(RERO)A009956257</subfield><subfield code="2">rerovoc</subfield></datafield><datafield ind1=" " ind2="7" tag="650"><subfield code="a">Finances</subfield><subfield code="0">(IDREF)027606511</subfield><subfield code="2">idref</subfield></datafield><datafield ind1=" " ind2="7" tag="650"><subfield code="a">Prévision</subfield><subfield code="0">(IDREF)027789713</subfield><subfield code="2">idref</subfield></datafield><datafield ind1=" " ind2="7" tag="650"><subfield code="a">Bevölkerungsentwicklung</subfield><subfield code="0">(DE-588)4006292-2</subfield><subfield code="2">gnd</subfield></datafield><datafield ind1=" " ind2="7" tag="650"><subfield code="a">Soziale Gerechtigkeit</subfield><subfield code="0">(DE-588)4236433-4</subfield><subfield code="2">gnd</subfield></datafield><datafield ind1=" " ind2="7" tag="650"><subfield code="a">Katholische Soziallehre</subfield><subfield code="0">(DE-588)4073315-4</subfield><subfield code="2">gnd</subfield></datafield><datafield ind1=" " ind2="7" tag="650"><subfield code="a">Soziale Gerechtigkeit</subfield><subfield code="2">idszbz</subfield></datafield><datafield ind1=" " ind2="7" tag="650"><subfield code="a">Demographie</subfield><subfield code="0">(DE-588)4011412-0</subfield><subfield code="2">gnd</subfield></datafield><datafield ind1=" " ind2="7" tag="650"><subfield code="a">Altersversorgung</subfield><subfield code="2">idszbz</subfield></datafield><datafield ind1=" " ind2="7" tag="650"><subfield code="a">Alters- und Hinterlassenenversicherung</subfield><subfield code="2">idszbz</subfield></datafield><datafield ind1=" " ind2="0" tag="650"><subfield code="a">Demographic transition</subfield><subfield code="z">Switzerland</subfield></datafield><datafield ind1=" " ind2="0" tag="650"><subfield code="a">Old age pensions</subfield><subfield code="z">Switzerland</subfield></datafield><datafield ind1=" " ind2="0" tag="650"><subfield code="a">Social security</subfield><subfield code="z">Switzerland</subfield></datafield><datafield ind1=" " ind2="7" tag="650"><subfield code="a">ALTERS- UND HINTERLASSENENVERSICHERUNG (VERSICHERUNGSWESEN)</subfield><subfield code="9">ger</subfield><subfield code="0">(ETHUDK)000011972</subfield><subfield code="2">ethudk</subfield></datafield><datafield ind1=" " ind2="7" tag="650"><subfield code="a">GERECHTIGKEIT (ETHIK)</subfield><subfield code="9">ger</subfield><subfield code="0">(ETHUDK)000009777</subfield><subfield code="2">ethudk</subfield></datafield><datafield ind1=" " ind2="7" tag="650"><subfield code="a">RENTEN + ABGANGSENTSCHAEDIGUNGEN + ALTERSVORSORGE (ARBEIT)</subfield><subfield code="9">ger</subfield><subfield code="0">(ETHUDK)000010465</subfield><subfield code="2">ethudk</subfield></datafield><datafield ind1=" " ind2="7" tag="650"><subfield code="a">SCHWEIZ (MITTELEUROPA). SCHWEIZERISCHE EIDGENOSSENSCHAFT</subfield><subfield code="9">ger</subfield><subfield code="0">(ETHUDK)000004571</subfield><subfield code="2">ethudk</subfield></datafield><datafield ind1=" " ind2="7" tag="650"><subfield code="a">Altersversorgung</subfield><subfield code="0">(DE-588)4001479-4</subfield><subfield code="2">gnd</subfield></datafield><datafield ind1=" " ind2="7" tag="650"><subfield code="a">Generationengerechtigkeit</subfield><subfield code="0">(DE-588)7559164-9</subfield><subfield code="2">gnd</subfield></datafield><datafield ind1=" " ind2="7" tag="650"><subfield code="a">Alternde Bevölkerung</subfield><subfield code="0">(DE-588)4334479-3</subfield><subfield code="2">gnd</subfield></datafield><datafield ind1=" " ind2="7" tag="650"><subfield code="a">Alterssicherung</subfield><subfield code="z">Schweiz</subfield><subfield code="2">idsbb</subfield></datafield><datafield ind1=" " ind2="7" tag="650"><subfield code="a">Gesetzliche Rentenversicherung</subfield><subfield code="0">(DE-STW)13416-4</subfield><subfield code="2">stw</subfield></datafield><datafield ind1=" " ind2="7" tag="650"><subfield code="a">Betriebliche Altersversorgung</subfield><subfield code="0">(DE-STW)12591-5</subfield><subfield code="2">stw</subfield></datafield><datafield ind1=" " ind2="7" tag="650"><subfield code="a">Private Altersvorsorge</subfield><subfield code="0">(DE-STW)18739-4</subfield><subfield code="2">stw</subfield></datafield><datafield ind1=" " ind2="7" tag="651"><subfield code="a">Schweiz</subfield><subfield code="9">ger</subfield><subfield code="0">(RERO)jurivoc000019912ger</subfield><subfield code="2">jurivoc</subfield></datafield><datafield ind1=" " ind2="7" tag="651"><subfield code="a">Suisse</subfield><subfield code="0">(IDREF)027249654</subfield><subfield code="2">idref</subfield></datafield><datafield ind1=" " ind2="7" tag="651"><subfield code="a">Schweiz</subfield><subfield code="2">idszbz</subfield></datafield><datafield ind1=" " ind2="0" tag="651"><subfield code="a">Switzerland</subfield><subfield code="x">Population</subfield></datafield><datafield ind1=" " ind2="7" tag="651"><subfield code="a">Schweiz</subfield><subfield code="0">(DE-588)4053881-3</subfield><subfield code="2">gnd</subfield></datafield><datafield ind1=" " ind2=" " tag="690"><subfield code="a">Alter</subfield><subfield code="2">uzb-VK</subfield></datafield><datafield ind1=" " ind2=" " tag="690"><subfield code="a">Demographie</subfield><subfield code="2">uzb-VK</subfield></datafield><datafield ind1=" " ind2=" " tag="690"><subfield code="a">Altersversorgung</subfield><subfield code="2">fho-fhs</subfield></datafield><datafield ind1=" " ind2=" " tag="690"><subfield code="a">Schweiz</subfield><subfield code="2">fho-fhs</subfield></datafield><datafield ind1=" " ind2=" " tag="690"><subfield code="a">Demographie</subfield><subfield code="2">fho-fhs</subfield></datafield><datafield ind1=" " ind2=" " tag="690"><subfield code="a">Soziale Gerechtigkeit</subfield><subfield code="2">fho-fhs</subfield></datafield><datafield ind1=" " ind2=" " tag="690"><subfield code="a">Altersvorsorge; Erhöhung; Leistungsfähigkeit; Empfehlung; Gerechtigkeit; Schulden; Alterung; Altersgrenze; Bilanzierung; Verzeichnis; Erwerbstätigkeit; Gehalt Lohn; Rente; Wandel; Wirtschaftswachstum; Schweiz; Verbesserungsvorschlag; Vorschlag; Belastung; Beschäftigung; Einleitung; Entflechtung; Sicherung; Umsatzsteuer; Beziehung; Einnahmen; Justitia; Reichweite</subfield><subfield code="2">idssg-J</subfield></datafield><datafield ind1=" " ind2=" " tag="690"><subfield code="a">Ergänzungsleistung; Generationenbilanzierung; Einkommenssituation; Leistungskürzung; Querschnittsaufgabe; Inhaltsverzeichnis; Altersarmut; Beteiligungsgerechtigkeit; Einkommenssicherung; Existenzsicherung; Generationengerechtigkeit; Rentenbezug; Abkürzungsverzeichnis; Literaturverzeichnis; Lösungsvorschlag; Teilnahme; AHV-Lohnprozent; Altersvorsorgesystem; Anreizstruktur; Ausgabenseite; Beitragsjahr; Drei-Säulen-System; Eckpunkt; Einnahmenseite; Erwerbsbiografie; Leistungsseite; Mischindex; Nationalkommission; Sozialziel; Umverteilungseffekt</subfield><subfield code="2">idssg-J</subfield></datafield><datafield ind1=" " ind2=" " tag="690"><subfield code="a">sozialer Aspekt; unterschiedliches Risiko; zweite Säule; aktuelle Herausforderung; aktueller Vorschlag; allgemeiner Aspekt; bedingt Obligatorium; demographische Alterung; demographischer Realismus; demographischer Wandel; dritte Säule; empfohlene Maßnahme; erste Säule; erweiterte Sicht; ethische Sicht; flexibles Rentenalter; freiwillige Vorsorge; generationsübergreifende Beziehung; gerechte Altersvorsorge; gerechte Ausgestaltung; geringe Einkommensdisparität; gesellschaftlicher Aspekt; gesundheitliches Risiko; grundlegende Variable; intergenerationeller Transfer; intragenerationelle Gerechtigkeit; mittleres Einkommen; nachhaltige Finanzierung; nachhaltiges Wirtschaftswachstum; rechtliche Grundlage; schweizerisches Altersvorsorgesystem; schweizerische Nationalkommission; sichernde Rente; solidarische Umverteilung; strukturelle Entflechtung; verbundene Vorstellung; weiterer Verbesserungsvorschlag; weiterer Vorschlag; weitergehende Überlegung; wichtige Kürze; zweite Säule</subfield><subfield code="2">idssg-J</subfield></datafield><datafield ind1=" " ind2=" " tag="690"><subfield code="a">Schweiz C4EXSI</subfield><subfield code="2">idssg-J</subfield></datafield><datafield ind1=" " ind2=" " tag="690"><subfield code="a">Beatrice Bowald; demographisch Alterung Zuwanderung; Et Pax Rüegger; Hleirausfordleirungeo Herausgeberin Schweizerische Nationalkommission; Justitia et Pax Rüegger Onlhalltsveirze Dclhü; Rentnerin Rentner; Wolfgang E. Bürgstein</subfield><subfield code="2">idssg-J</subfield></datafield><datafield ind1=" " ind2=" " tag="690"><subfield code="a">Alterssicherung</subfield><subfield code="2">ubs-FC</subfield></datafield><datafield ind1="1" ind2=" " tag="700"><subfield code="a">Bürgstein, Wolfgang E.</subfield><subfield code="d">1961-</subfield><subfield code="0">(RERO)A016264215</subfield></datafield><datafield ind1="2" ind2=" " tag="710"><subfield code="a">Schweizerische Nationalkommission Justitia et Pax</subfield><subfield code="0">(DE-588)1053030-7</subfield></datafield><datafield ind1="2" ind2=" " tag="710"><subfield code="a">Iustitia et Pax</subfield><subfield code="b">Schweizerische Nationalkommission</subfield></datafield><datafield ind1="4" ind2=" " tag="856"><subfield code="u">http://www.infostelle.ch/de/dyn_output.html?content.void=11202</subfield><subfield code="z">(ZHAW-S) Onlinezugriff auf Rezension Infostelle</subfield><subfield code="3">Rezension</subfield></datafield><datafield ind1="4" ind2=" " tag="856"><subfield code="3">Titelblatt und Inhaltsverzeichnis</subfield><subfield code="u">https://toc.library.ethz.ch/objects/pdf/z01_978-3-7253-0915-3_01.pdf</subfield><subfield code="q">pdf</subfield></datafield><datafield ind1="4" ind2="2" tag="856"><subfield code="u">https://deposit.dnb.de/cgi-bin/dokserv?id=3166786&amp;prov=M&amp;dok_var=1&amp;dok_ext=htm</subfield><subfield code="z">Inhaltstext</subfield></datafield><datafield ind1=" " ind2=" " tag="900"><subfield code="a">IDSZ1ZH</subfield></datafield><datafield ind1=" " ind2=" " tag="900"><subfield code="a">IDSZ2zbzmon200812f</subfield><subfield code="c">IDSZ2muez</subfield><subfield code="d">IDSZ2zbzswk200901b</subfield><subfield code="e">IDSZ2bruu</subfield></datafield><datafield ind1=" " ind2=" " tag="900"><subfield code="a">IDSZ2rwimon200812l</subfield><subfield code="c">IDSZ2rosi</subfield><subfield code="d">IDSZ2rwiswk200812b</subfield><subfield code="e">IDSZ2sust</subfield></datafield><datafield ind1=" " ind2=" " tag="900"><subfield code="a">IDSE5E19ANH-2009</subfield></datafield><datafield ind1=" " ind2=" " tag="900"><subfield code="a">IDSE5E85ANH-2009</subfield></datafield><datafield ind1=" " ind2=" " tag="900"><subfield code="a">IDSE5E93ANH-2009</subfield></datafield><datafield ind1=" " ind2=" " tag="949"><subfield code="a">https://toc.library.ethz.ch/objects/pdf/z01_978-3-7253-0915-3_01.pdf</subfield></datafield><datafield ind1=" " ind2=" " tag="949"><subfield code="a">http://www.infostelle.ch/de/dyn_output.html?content.void=11202</subfield></datafield><datafield ind1=" " ind2=" " tag="949"><subfield code="a">https://deposit.dnb.de/cgi-bin/dokserv?id=3166786&amp;prov=M&amp;dok_var=1&amp;dok_ext=htm</subfield></datafield></record>
</metadata></record>