<record><header><identifier>oai:alma.41SLSP_UGE:991000032889705502</identifier><datestamp>2024-06-30T00:10:35Z</datestamp><setSpec>uge_bcen_RapidILL_BOOK</setSpec><setSpec>uge_aaca_RapidILL_BOOK</setSpec><setSpec>uge_abels_RapidILL_BOOK</setSpec><setSpec>uge_dbu_RapidILL_BOOK</setSpec><setSpec>uge_cmu_RapidILL_BOOK</setSpec><setSpec>uge_mail_RapidILL_BOOK</setSpec><setSpec>UNIGE_ALL</setSpec><setSpec>uge_abbat_RapidILL_BOOK</setSpec><setSpec>uge_acar_RapidILL_BOOK</setSpec><setSpec>uge_aobs_RapidILL_BOOK</setSpec></header><metadata>
<record xmlns="http://www.loc.gov/MARC21/slim" xmlns:xsi="http://www.w3.org/2001/XMLSchema-instance" xsi:schemaLocation="http://www.loc.gov/MARC21/slim http://www.loc.gov/standards/marcxml/schema/MARC21slim.xsd"><leader>01595nam a22003732c 4500</leader><controlfield tag="001">991000032889705502</controlfield><controlfield tag="005">20230519141430.0</controlfield><controlfield tag="008">201011s1891    fr |||||      00| ||fre|d</controlfield><datafield ind1=" " ind2=" " tag="019"><subfield code="a">Datenimport aus BIBDIA ZB Solothurn</subfield><subfield code="5">IDSBB/09.01.2019/A150/bmt</subfield></datafield><datafield ind1=" " ind2=" " tag="035"><subfield code="a">(swissbib)211679186-41slsp_network</subfield></datafield><datafield ind1=" " ind2=" " tag="035"><subfield code="a">211679186</subfield><subfield code="9">ExL</subfield></datafield><datafield ind1=" " ind2=" " tag="035"><subfield code="a">(IDSLU)001236422ILU01</subfield></datafield><datafield ind1=" " ind2=" " tag="035"><subfield code="a">(RERO)0254486-41slsp</subfield></datafield><datafield ind1=" " ind2=" " tag="035"><subfield code="a">(IDSBB)006905511DSV01</subfield></datafield><datafield ind1=" " ind2=" " tag="035"><subfield code="a">(EXLNZ-41SLSP_NETWORK)991141221339705501</subfield></datafield><datafield ind1=" " ind2=" " tag="040"><subfield code="a">RERO</subfield><subfield code="e">kids</subfield><subfield code="d">CH-ZuSLS</subfield></datafield><datafield ind1=" " ind2="7" tag="072"><subfield code="a">pe</subfield><subfield code="2">rero</subfield></datafield><datafield ind1="1" ind2=" " tag="100"><subfield code="a">Chatelain, Emile</subfield><subfield code="d">1851-1933</subfield><subfield code="0">(DE-588)115695095</subfield></datafield><datafield ind1="1" ind2="0" tag="245"><subfield code="a">&lt;&lt;Les&gt;&gt; étudiants suisses à l'Ecole pratique des hautes études (section des sciences historiques et philologiques)</subfield><subfield code="b">(1868-1891) : avec un appendice sur les étudiants suisses de Paris aux XVe et XVIe siècles</subfield><subfield code="c">par Emile Chatelain</subfield></datafield><datafield ind1=" " ind2="1" tag="264"><subfield code="a">Paris</subfield><subfield code="b">E. Bouillon</subfield><subfield code="c">1891</subfield></datafield><datafield ind1=" " ind2=" " tag="300"><subfield code="a">L S.</subfield><subfield code="b">Fotokopie</subfield></datafield><datafield ind1=" " ind2=" " tag="336"><subfield code="b">txt</subfield><subfield code="2">rdacontent</subfield></datafield><datafield ind1=" " ind2=" " tag="337"><subfield code="b">n</subfield><subfield code="2">rdamedia</subfield></datafield><datafield ind1=" " ind2=" " tag="338"><subfield code="b">nc</subfield><subfield code="2">rdacarrier</subfield></datafield><datafield ind1="2" ind2="7" tag="610"><subfield code="a">École pratique des hautes études</subfield><subfield code="g">Paris</subfield><subfield code="g">1868-....</subfield><subfield code="0">(IDREF)026375478</subfield><subfield code="2">idref</subfield></datafield><datafield ind1=" " ind2="7" tag="650"><subfield code="a">1868-1891</subfield><subfield code="2">rero</subfield></datafield><datafield ind1=" " ind2="7" tag="650"><subfield code="a">15e siècle-16e siècle</subfield><subfield code="2">idref</subfield></datafield><datafield ind1=" " ind2="7" tag="650"><subfield code="a">Étudiants suisses</subfield><subfield code="0">(IDREF)030208408</subfield><subfield code="2">idref</subfield></datafield><datafield ind1=" " ind2="7" tag="651"><subfield code="a">Paris (France)</subfield><subfield code="0">(IDREF)027244520</subfield><subfield code="2">idref</subfield></datafield><datafield ind1=" " ind2="7" tag="651"><subfield code="a">À l'étranger</subfield><subfield code="0">(IDREF)028686322</subfield><subfield code="2">idref</subfield></datafield><datafield ind1=" " ind2=" " tag="690"><subfield code="a">Paris : Schulwesen</subfield><subfield code="2">zbs-FS</subfield></datafield><datafield ind1=" " ind2=" " tag="690"><subfield code="a">Schweiz : Bildung</subfield><subfield code="2">zbs-FS</subfield></datafield><datafield ind1="1" ind2=" " tag="700"><subfield code="a">Chatelain, Émile</subfield><subfield code="c">paléologue latiniste</subfield><subfield code="d">1851-1933</subfield><subfield code="0">(IDREF)032287178</subfield><subfield code="4">cre</subfield></datafield><datafield ind1="4" ind2="1" tag="856"><subfield code="3">Fulltext</subfield><subfield code="q">GOOGLE</subfield><subfield code="u">https://urn.ub.unibe.ch/urn:ch:slsp:ZHBL-00106544:full:google</subfield></datafield><datafield ind1=" " ind2=" " tag="900"><subfield code="a">REROnoselfmerge</subfield></datafield></record>
</metadata></record>