<record><header><identifier>oai:alma.41SLSP_UGE:991000033199705502</identifier><datestamp>2023-03-01T01:09:16Z</datestamp><setSpec>uge_bcen_RapidILL_BOOK</setSpec><setSpec>uge_aaca_RapidILL_BOOK</setSpec><setSpec>uge_abels_RapidILL_BOOK</setSpec><setSpec>uge_dbu_RapidILL_BOOK</setSpec><setSpec>uge_cmu_RapidILL_BOOK</setSpec><setSpec>uge_mail_RapidILL_BOOK</setSpec><setSpec>UNIGE_ALL</setSpec><setSpec>uge_abbat_RapidILL_BOOK</setSpec><setSpec>uge_aobs_RapidILL_BOOK</setSpec><setSpec>uge_acar_RapidILL_BOOK</setSpec></header><metadata>
<record xmlns="http://www.loc.gov/MARC21/slim" xmlns:xsi="http://www.w3.org/2001/XMLSchema-instance" xsi:schemaLocation="http://www.loc.gov/MARC21/slim http://www.loc.gov/standards/marcxml/schema/MARC21slim.xsd"><leader>01089nam a2200301 c 4500</leader><controlfield tag="001">991000033199705502</controlfield><controlfield tag="005">20201126043710.0</controlfield><controlfield tag="008">060509s1998    sp ||||| |||| 00| ||spa d</controlfield><datafield ind1=" " ind2=" " tag="020"><subfield code="a">8437604532</subfield><subfield code="q">o.c.</subfield></datafield><datafield ind1=" " ind2=" " tag="020"><subfield code="a">8437604540</subfield><subfield code="q">t. 1</subfield></datafield><datafield ind1=" " ind2=" " tag="020"><subfield code="a">8437604559</subfield><subfield code="q">t. 2</subfield></datafield><datafield ind1=" " ind2=" " tag="035"><subfield code="a">(swissbib)103573585-41slsp_network</subfield></datafield><datafield ind1=" " ind2=" " tag="035"><subfield code="a">103573585</subfield><subfield code="9">ExL</subfield></datafield><datafield ind1=" " ind2=" " tag="035"><subfield code="a">(RERO)R004120000-41slsp</subfield></datafield><datafield ind1=" " ind2=" " tag="035"><subfield code="a">(EXLNZ-41SLSP_NETWORK)991036446549705501</subfield></datafield><datafield ind1=" " ind2=" " tag="040"><subfield code="a">RERO geules</subfield><subfield code="d">CH-ZuSLS</subfield></datafield><datafield ind1=" " ind2="7" tag="072"><subfield code="a">es</subfield><subfield code="2">rero</subfield></datafield><datafield ind1="1" ind2=" " tag="100"><subfield code="a">Alas, Leopoldo</subfield><subfield code="d">1852-1901</subfield><subfield code="0">(IDREF)026680068</subfield><subfield code="4">cre</subfield></datafield><datafield ind1="1" ind2="0" tag="245"><subfield code="a">&lt;&lt;La&gt;&gt; regenta</subfield><subfield code="c">Leopoldo Alas &quot;Clarín&quot; ; ed. de Juan Oleza ; con la colab. de Josep Lluis Sirera y Manuel Diago ; [ilustraciones de Juan Llimona, grabadas por Gómez Polo]</subfield></datafield><datafield ind1=" " ind2="1" tag="264"><subfield code="a">Madrid</subfield><subfield code="b">Cátedra</subfield><subfield code="c">1998</subfield></datafield><datafield ind1=" " ind2=" " tag="300"><subfield code="a">2 vol.</subfield><subfield code="b">ill.</subfield><subfield code="c">18 cm</subfield></datafield><datafield ind1=" " ind2=" " tag="336"><subfield code="b">txt</subfield><subfield code="2">rdacontent</subfield></datafield><datafield ind1=" " ind2=" " tag="337"><subfield code="b">n</subfield><subfield code="2">rdamedia</subfield></datafield><datafield ind1=" " ind2=" " tag="338"><subfield code="b">nc</subfield><subfield code="2">rdacarrier</subfield></datafield><datafield ind1="1" ind2=" " tag="490"><subfield code="a">Letras hispánicas</subfield><subfield code="v">182,183</subfield></datafield><datafield ind1="1" ind2=" " tag="700"><subfield code="a">Oleza, Juan</subfield><subfield code="0">(RERO)A003654602</subfield></datafield><datafield ind1="1" ind2=" " tag="700"><subfield code="a">Llimona i Bruguera, Joan</subfield><subfield code="d">1860-1926</subfield><subfield code="0">(IDREF)084305401</subfield></datafield><datafield ind1=" " ind2=" " tag="830"><subfield code="a">Letras hispánicas</subfield><subfield code="p">Cátedra</subfield><subfield code="v">182,183</subfield><subfield code="w">(RERO)0139749-41slsp</subfield></datafield><datafield ind1=" " ind2=" " tag="900"><subfield code="a">REROnoselfmerge</subfield></datafield><datafield ind1=" " ind2=" " tag="993"><subfield code="a">BFLA 189045/2</subfield><subfield code="x">ge/ules/d/05/211</subfield><subfield code="9">LOCAL</subfield></datafield><datafield ind1=" " ind2=" " tag="993"><subfield code="a">BFLA 189045/1</subfield><subfield code="x">ge/ules/d/05/210</subfield><subfield code="9">LOCAL</subfield></datafield></record>
</metadata></record>