<record><header><identifier>oai:alma.41SLSP_UGE:991000033429705502</identifier><datestamp>2024-03-28T01:20:52Z</datestamp><setSpec>uge_bcen_RapidILL_BOOK</setSpec><setSpec>uge_aaca_RapidILL_BOOK</setSpec><setSpec>uge_abels_RapidILL_BOOK</setSpec><setSpec>uge_dbu_RapidILL_BOOK</setSpec><setSpec>uge_cmu_RapidILL_BOOK</setSpec><setSpec>uge_mail_RapidILL_BOOK</setSpec><setSpec>uge_abbat_RapidILL_BOOK</setSpec><setSpec>UNIGE_ALL</setSpec><setSpec>uge_acar_RapidILL_BOOK</setSpec><setSpec>uge_aobs_RapidILL_BOOK</setSpec></header><metadata>
<record xmlns="http://www.loc.gov/MARC21/slim" xmlns:xsi="http://www.w3.org/2001/XMLSchema-instance" xsi:schemaLocation="http://www.loc.gov/MARC21/slim http://www.loc.gov/standards/marcxml/schema/MARC21slim.xsd"><leader>01602nam a2200289 c 4500</leader><controlfield tag="001">991000033429705502</controlfield><controlfield tag="005">20230210182806.0</controlfield><controlfield tag="008">170306s2017    fr ||||| |||| 00| ||fre d</controlfield><datafield ind1=" " ind2=" " tag="020"><subfield code="a">9782343110592</subfield></datafield><datafield ind1="7" ind2=" " tag="024"><subfield code="a">http://catalogue.bnf.fr/ark:/12148/cb45272753z</subfield><subfield code="2">uri</subfield></datafield><datafield ind1=" " ind2=" " tag="035"><subfield code="a">(swissbib)123670993-41slsp_network</subfield></datafield><datafield ind1=" " ind2=" " tag="035"><subfield code="a">123670993</subfield><subfield code="9">ExL</subfield></datafield><datafield ind1=" " ind2=" " tag="035"><subfield code="a">(RERO)R008608113-41slsp</subfield></datafield><datafield ind1=" " ind2=" " tag="035"><subfield code="a">(EXLNZ-41SLSP_NETWORK)991018917429705501</subfield></datafield><datafield ind1=" " ind2=" " tag="040"><subfield code="a">RERO geies-</subfield><subfield code="d">CH-ZuSLS</subfield></datafield><datafield ind1=" " ind2="7" tag="072"><subfield code="a">so</subfield><subfield code="2">rero</subfield></datafield><datafield ind1="1" ind2=" " tag="100"><subfield code="a">Bourse, Michel</subfield><subfield code="d">19..-....</subfield><subfield code="0">(IDREF)03449958X</subfield><subfield code="4">cre</subfield></datafield><datafield ind1="1" ind2="0" tag="245"><subfield code="a">&lt;&lt;Les&gt;&gt; mots et les idées</subfield><subfield code="b">l'interculturel et/ou le multiculturel : essai</subfield><subfield code="c">Michel Bourse</subfield></datafield><datafield ind1=" " ind2="1" tag="264"><subfield code="a">Paris</subfield><subfield code="b">L'Harmattan</subfield><subfield code="c">2017</subfield></datafield><datafield ind1=" " ind2=" " tag="300"><subfield code="a">324 p.</subfield></datafield><datafield ind1=" " ind2=" " tag="336"><subfield code="b">txt</subfield><subfield code="2">rdacontent</subfield></datafield><datafield ind1=" " ind2=" " tag="337"><subfield code="b">n</subfield><subfield code="2">rdamedia</subfield></datafield><datafield ind1=" " ind2=" " tag="338"><subfield code="b">nc</subfield><subfield code="2">rdacarrier</subfield></datafield><datafield ind1=" " ind2=" " tag="504"><subfield code="a">Bibliogr. p. 307-321</subfield></datafield><datafield ind1="8" ind2=" " tag="520"><subfield code="a">Cet ouvrage se propose de faire la généalogie des deux mots interculturel et multiculturel. Ces deux mots n'existent pas dans les dictionnaires de la langue française avant les années 1990 et il n'existe pas à proprement parler de définition exhaustive. Il est ainsi nécessaire de savoir ce qu'ils peuvent signifier, d'en retrouver les origines et leurs évolutions, d'en examiner les aspects implicites et les connotations, voire d'en décrire les limites et les dangers. Engagés dans de nombreuses batailles idéologiques, ils sont devenus porteurs de sens polémique et de jugements de valeur. (editions-harmattan.fr)</subfield><subfield code="5">RERO/njhep-/06.2017</subfield></datafield><datafield ind1=" " ind2="7" tag="650"><subfield code="a">Communication interculturelle</subfield><subfield code="0">(IDREF)027344460</subfield><subfield code="2">idref</subfield></datafield><datafield ind1=" " ind2="7" tag="650"><subfield code="a">Multiculturalisme</subfield><subfield code="0">(IDREF)027336409</subfield><subfield code="2">idref</subfield></datafield><datafield ind1=" " ind2=" " tag="900"><subfield code="a">REROnoselfmerge</subfield></datafield></record>
</metadata></record>