<record><header><identifier>oai:alma.41SLSP_UGE:991000033639705502</identifier><datestamp>2023-03-01T01:09:16Z</datestamp><setSpec>UNIGE_ALL</setSpec></header><metadata>
<record xmlns="http://www.loc.gov/MARC21/slim" xmlns:xsi="http://www.w3.org/2001/XMLSchema-instance" xsi:schemaLocation="http://www.loc.gov/MARC21/slim http://www.loc.gov/standards/marcxml/schema/MARC21slim.xsd"><leader>01164njm a22003137c 4500</leader><controlfield tag="001">991000033639705502</controlfield><controlfield tag="005">20211031160628.0</controlfield><controlfield tag="007">sd b||||||||||</controlfield><controlfield tag="008">110122nuuuuuuuuxx ||n |            ger d</controlfield><datafield ind1="0" ind2="2" tag="028"><subfield code="a">Decca SXL 20034-36-B</subfield></datafield><datafield ind1=" " ind2=" " tag="035"><subfield code="a">(swissbib)113567677-41slsp_network</subfield></datafield><datafield ind1=" " ind2=" " tag="035"><subfield code="a">113567677</subfield><subfield code="9">ExL</subfield></datafield><datafield ind1=" " ind2=" " tag="035"><subfield code="a">(RERO)R006022174-41slsp</subfield></datafield><datafield ind1=" " ind2=" " tag="035"><subfield code="a">(EXLNZ-41SLSP_NETWORK)991017567079705501</subfield></datafield><datafield ind1=" " ind2=" " tag="040"><subfield code="a">RERO geulmu</subfield><subfield code="d">CH-ZuSLS</subfield></datafield><datafield ind1=" " ind2="7" tag="072"><subfield code="a">mu</subfield><subfield code="2">rero</subfield></datafield><datafield ind1="1" ind2=" " tag="100"><subfield code="a">Verdi, Giuseppe</subfield><subfield code="d">1813-1901</subfield><subfield code="0">(IDREF)027453308</subfield><subfield code="4">cre</subfield></datafield><datafield ind1="1" ind2="0" tag="245"><subfield code="a">&lt;&lt;Ein&gt;&gt; Maskenball</subfield><subfield code="b">= un ballo in maschera : Oper in 3 Akten</subfield><subfield code="c">Giuseppe Verdi ; Text von Antonio Somma ; nach Eugène Scribe</subfield></datafield><datafield ind1=" " ind2=" " tag="300"><subfield code="a">3 disques sonores</subfield><subfield code="b">33 t.</subfield></datafield><datafield ind1=" " ind2=" " tag="336"><subfield code="b">prm</subfield><subfield code="2">rdacontent</subfield></datafield><datafield ind1=" " ind2=" " tag="337"><subfield code="b">s</subfield><subfield code="2">rdamedia</subfield></datafield><datafield ind1=" " ind2=" " tag="338"><subfield code="b">sd</subfield><subfield code="2">rdacarrier</subfield></datafield><datafield ind1=" " ind2=" " tag="500"><subfield code="a">Formation: solistes vocaux, choeur, orchestre symphonique</subfield></datafield><datafield ind1=" " ind2=" " tag="500"><subfield code="a">Langue(s) chantée(s) : italien</subfield></datafield><datafield ind1="0" ind2=" " tag="505"><subfield code="a">[Un ballo in maschera]</subfield></datafield><datafield ind1="1" ind2=" " tag="700"><subfield code="a">Scribe, Eugène</subfield><subfield code="d">1791-1861</subfield><subfield code="0">(IDREF)027129543</subfield></datafield><datafield ind1="1" ind2=" " tag="700"><subfield code="a">Solti, Georg</subfield><subfield code="d">1912-1997</subfield><subfield code="0">(IDREF)03283733X</subfield></datafield><datafield ind1="1" ind2=" " tag="700"><subfield code="a">Somma, Antonio</subfield><subfield code="0">(RERO)A003848324</subfield></datafield><datafield ind1="2" ind2=" " tag="710"><subfield code="a">Accademia nazionale di Santa Cecilia</subfield><subfield code="g">Rome</subfield><subfield code="b">Orchestra</subfield><subfield code="0">(IDREF)092625983</subfield></datafield><datafield ind1=" " ind2=" " tag="900"><subfield code="a">REROnoselfmerge</subfield></datafield><datafield ind1=" " ind2=" " tag="960"><subfield code="2">matmu</subfield><subfield code="a">Italie ; XIXe ; Romantisme ; Opéras</subfield><subfield code="9">LOCAL</subfield></datafield></record>
</metadata></record>