<record><header><identifier>oai:alma.41SLSP_UGE:991000033219705502</identifier><datestamp>2024-01-11T01:16:16Z</datestamp><setSpec>uge_bcen_RapidILL_BOOK</setSpec><setSpec>uge_aaca_RapidILL_BOOK</setSpec><setSpec>uge_abels_RapidILL_BOOK</setSpec><setSpec>uge_dbu_RapidILL_BOOK</setSpec><setSpec>uge_cmu_RapidILL_BOOK</setSpec><setSpec>uge_mail_RapidILL_BOOK</setSpec><setSpec>uge_abbat_RapidILL_BOOK</setSpec><setSpec>UNIGE_ALL</setSpec><setSpec>uge_aobs_RapidILL_BOOK</setSpec><setSpec>uge_acar_RapidILL_BOOK</setSpec></header><metadata>
<record xmlns="http://www.loc.gov/MARC21/slim" xmlns:xsi="http://www.w3.org/2001/XMLSchema-instance" xsi:schemaLocation="http://www.loc.gov/MARC21/slim http://www.loc.gov/standards/marcxml/schema/MARC21slim.xsd"><leader>02549nam a2200493 c 4500</leader><controlfield tag="001">991000033219705502</controlfield><controlfield tag="005">20230327184202.0</controlfield><controlfield tag="008">110124s2008    xxu||||| |||| 01| ||eng d</controlfield><datafield ind1=" " ind2=" " tag="020"><subfield code="a">069113524X</subfield><subfield code="q">hardcover : alk. paper</subfield></datafield><datafield ind1=" " ind2=" " tag="020"><subfield code="a">9780691135243</subfield><subfield code="q">hardcover : alk. paper</subfield></datafield><datafield ind1="7" ind2=" " tag="024"><subfield code="a">http://catalogue.bnf.fr/ark:/12148/cb420399183</subfield><subfield code="2">uri</subfield></datafield><datafield ind1=" " ind2=" " tag="035"><subfield code="a">(swissbib)112842887-41slsp_network</subfield></datafield><datafield ind1=" " ind2=" " tag="035"><subfield code="a">112842887</subfield><subfield code="9">ExL</subfield></datafield><datafield ind1=" " ind2=" " tag="035"><subfield code="a">(RERO)R005906053-41slsp</subfield></datafield><datafield ind1=" " ind2=" " tag="035"><subfield code="a">(EXLNZ-41SLSP_NETWORK)991029134729705501</subfield></datafield><datafield ind1=" " ind2=" " tag="040"><subfield code="a">DLC</subfield><subfield code="d">CH-ZuSLS</subfield></datafield><datafield ind1=" " ind2="0" tag="050"><subfield code="a">HD6971</subfield><subfield code="b">.A657 2008</subfield></datafield><datafield ind1=" " ind2="7" tag="072"><subfield code="a">se</subfield><subfield code="2">rero</subfield></datafield><datafield ind1=" " ind2="7" tag="072"><subfield code="a">so</subfield><subfield code="2">rero</subfield></datafield><datafield ind1="0" ind2="0" tag="082"><subfield code="a">174/.4</subfield><subfield code="2">22</subfield></datafield><datafield ind1="1" ind2=" " tag="100"><subfield code="a">Anteby, Michel</subfield><subfield code="c">sociologue</subfield><subfield code="d">1970-....</subfield><subfield code="0">(IDREF)142955396</subfield><subfield code="4">cre</subfield></datafield><datafield ind1="1" ind2="0" tag="245"><subfield code="a">Moral gray zones</subfield><subfield code="b">side productions, identity, and regulation in an aeronautic plant</subfield><subfield code="c">Michel Anteby</subfield></datafield><datafield ind1="1" ind2=" " tag="246"><subfield code="a">Moral grey zones</subfield></datafield><datafield ind1=" " ind2="1" tag="264"><subfield code="a">Princeton, N.J.</subfield><subfield code="b">Princeton University Press</subfield><subfield code="c">[2008]</subfield></datafield><datafield ind1=" " ind2="4" tag="264"><subfield code="c">© 2008</subfield></datafield><datafield ind1=" " ind2=" " tag="300"><subfield code="a">xii, 230 p.</subfield><subfield code="b">ill.</subfield><subfield code="c">24 cm.</subfield></datafield><datafield ind1=" " ind2=" " tag="336"><subfield code="b">txt</subfield><subfield code="2">rdacontent</subfield></datafield><datafield ind1=" " ind2=" " tag="337"><subfield code="b">n</subfield><subfield code="2">rdamedia</subfield></datafield><datafield ind1=" " ind2=" " tag="338"><subfield code="b">nc</subfield><subfield code="2">rdacarrier</subfield></datafield><datafield ind1=" " ind2=" " tag="500"><subfield code="a">Based on a field study of a French aeronautic plant, Pierreville (pseudonym), which manufactures airplane engines</subfield></datafield><datafield ind1=" " ind2=" " tag="504"><subfield code="a">Includes bibliographical references (p. [213]-226) and index.</subfield></datafield><datafield ind1="0" ind2=" " tag="505"><subfield code="a">The persistence of organizational gray zones -- The motivations and the setting -- Revisiting social systems in organizations -- The side production of homers in factories -- The Pierreville plant: setting and status divides -- The findings -- Retirement homers: an entry into the community -- Homers gone wrong: delimiting the gray zone -- Shades of homer meanings: occupational variations -- The rise and fall of craftsmanship -- Trading in hidden identity incentives -- The implications -- Organizational gray zones as identity distillers -- Identities, control, and moralities -- Appendix A: Data and methods -- Appendix B: Position in the field</subfield></datafield><datafield ind1=" " ind2="0" tag="650"><subfield code="a">Aircraft industry</subfield><subfield code="z">France</subfield><subfield code="v">Case studies</subfield></datafield><datafield ind1=" " ind2="0" tag="650"><subfield code="a">Group identity</subfield></datafield><datafield ind1=" " ind2="0" tag="650"><subfield code="a">Homers (Manufactures)</subfield></datafield><datafield ind1=" " ind2="0" tag="650"><subfield code="a">Industrial relations</subfield><subfield code="x">Moral and ethical aspects</subfield></datafield><datafield ind1=" " ind2="0" tag="650"><subfield code="a">Organizational behavior</subfield><subfield code="x">Moral and ethical aspects</subfield></datafield><datafield ind1=" " ind2="0" tag="650"><subfield code="a">Psychology, Industrial</subfield></datafield><datafield ind1=" " ind2="7" tag="650"><subfield code="a">Aéronautique</subfield><subfield code="0">(IDREF)027268624</subfield><subfield code="2">idref</subfield></datafield><datafield ind1=" " ind2="7" tag="650"><subfield code="a">Industrie</subfield><subfield code="0">(IDREF)027790215</subfield><subfield code="2">idref</subfield></datafield><datafield ind1=" " ind2="7" tag="650"><subfield code="a">Travail en perruque</subfield><subfield code="0">(IDREF)188287124</subfield><subfield code="2">idref</subfield></datafield><datafield ind1=" " ind2="7" tag="651"><subfield code="a">France</subfield><subfield code="0">(IDREF)027226794</subfield><subfield code="2">idref</subfield></datafield><datafield ind1="4" ind2="2" tag="856"><subfield code="u">http://www.loc.gov/catdir/toc/fy0903/2007044056.html</subfield></datafield><datafield ind1=" " ind2=" " tag="900"><subfield code="a">REROnoselfmerge</subfield></datafield><datafield ind1=" " ind2=" " tag="910"><subfield code="a">LOC</subfield><subfield code="b">20110124</subfield><subfield code="c">Droits réservés</subfield></datafield></record>
</metadata></record>