<record><header><identifier>oai:alma.41SLSP_UGE:991000033109705502</identifier><datestamp>2024-09-16T00:09:00Z</datestamp><setSpec>uge_bcen_RapidILL_BOOK</setSpec><setSpec>uge_aaca_RapidILL_BOOK</setSpec><setSpec>uge_abels_RapidILL_BOOK</setSpec><setSpec>uge_dbu_RapidILL_BOOK</setSpec><setSpec>uge_cmu_RapidILL_BOOK</setSpec><setSpec>uge_mail_RapidILL_BOOK</setSpec><setSpec>uge_abbat_RapidILL_BOOK</setSpec><setSpec>UNIGE_ALL</setSpec><setSpec>uge_aobs_RapidILL_BOOK</setSpec><setSpec>uge_acar_RapidILL_BOOK</setSpec></header><metadata>
<record xmlns="http://www.loc.gov/MARC21/slim" xmlns:xsi="http://www.w3.org/2001/XMLSchema-instance" xsi:schemaLocation="http://www.loc.gov/MARC21/slim http://www.loc.gov/standards/marcxml/schema/MARC21slim.xsd"><leader>02625nam a2200373 c 4500</leader><controlfield tag="001">991000033109705502</controlfield><controlfield tag="005">20240915052959.0</controlfield><controlfield tag="008">081121s2007    ru ||||| |||| 00| ||rus d</controlfield><datafield ind1=" " ind2=" " tag="020"><subfield code="a">9785903177196</subfield></datafield><datafield ind1=" " ind2=" " tag="020"><subfield code="a">9785903177233</subfield></datafield><datafield ind1=" " ind2=" " tag="035"><subfield code="a">(swissbib)107388251-41slsp_network</subfield></datafield><datafield ind1=" " ind2=" " tag="035"><subfield code="a">107388251</subfield><subfield code="9">ExL</subfield></datafield><datafield ind1=" " ind2=" " tag="035"><subfield code="a">(RERO)R004868217-41slsp</subfield></datafield><datafield ind1=" " ind2=" " tag="035"><subfield code="a">(EXLNZ-41SLSP_NETWORK)991006747759705501</subfield></datafield><datafield ind1=" " ind2=" " tag="040"><subfield code="a">RERO geulru</subfield><subfield code="d">CH-ZuSLS</subfield></datafield><datafield ind1=" " ind2="7" tag="072"><subfield code="a">ru</subfield><subfield code="2">rero</subfield></datafield><datafield ind1=" " ind2=" " tag="084"><subfield code="a">KH 1315</subfield><subfield code="2">rvk</subfield></datafield><datafield ind1=" " ind2=" " tag="084"><subfield code="a">KI 5762</subfield><subfield code="2">rvk</subfield></datafield><datafield ind1="0" ind2="0" tag="245"><subfield code="6">880-01</subfield><subfield code="a">Slovarʹ literaturnogo okruzhenii︠a︡ Igorii︠a︡-Severi︠a︡nina (1905-1941)</subfield><subfield code="b">bio-bibligraficheskoe izdanie</subfield><subfield code="c">sost. D.S. Prokofʹeva ; E.V. Dushechkina</subfield></datafield><datafield ind1="0" ind2="0" tag="880"><subfield code="6">245-01/(N</subfield><subfield code="a">Словарь литературного окружения Игоря-Северянина (1905-1941)</subfield><subfield code="b">био-библиографическое издание</subfield><subfield code="c">сост. Д.С. Прокофьева ; Е.В. Душечкина</subfield></datafield><datafield ind1="1" ind2=" " tag="246"><subfield code="a">Slovarʹ literaturnogo okruženija Igorija-Severjanina (1905-1941)</subfield><subfield code="b">bio-bibligrafičeskoe izdanie / sost. D.S. Prokofʹeva ; E.V. Dušečkina</subfield></datafield><datafield ind1=" " ind2="1" tag="264"><subfield code="6">880-02</subfield><subfield code="a">Pskov</subfield><subfield code="b">Gimenej</subfield><subfield code="c">2007</subfield></datafield><datafield ind1=" " ind2="1" tag="880"><subfield code="6">264-02/(N</subfield><subfield code="a">Псков</subfield><subfield code="b">Гименей</subfield><subfield code="c">2007</subfield></datafield><datafield ind1=" " ind2=" " tag="300"><subfield code="a">2 vol.</subfield></datafield><datafield ind1=" " ind2=" " tag="336"><subfield code="b">txt</subfield><subfield code="2">rdacontent</subfield></datafield><datafield ind1=" " ind2=" " tag="337"><subfield code="b">n</subfield><subfield code="2">rdamedia</subfield></datafield><datafield ind1=" " ind2=" " tag="338"><subfield code="b">nc</subfield><subfield code="2">rdacarrier</subfield></datafield><datafield ind1="1" ind2="0" tag="600"><subfield code="a">Severi︠a︡nin, Igorʹ</subfield><subfield code="v">Dictionaries</subfield></datafield><datafield ind1="1" ind2="7" tag="600"><subfield code="a">Severjanin, Igorʹ</subfield><subfield code="d">1887-1942</subfield><subfield code="0">(DE-588)118796801</subfield><subfield code="2">gnd</subfield></datafield><datafield ind1=" " ind2="7" tag="650"><subfield code="a">Rezeption</subfield><subfield code="0">(DE-588)4049716-1</subfield><subfield code="2">gnd</subfield></datafield><datafield ind1=" " ind2="7" tag="650"><subfield code="a">Schriftsteller</subfield><subfield code="0">(DE-588)4053309-8</subfield><subfield code="2">gnd</subfield></datafield><datafield ind1=" " ind2="7" tag="655"><subfield code="a">Wörterbuch</subfield><subfield code="2">gnd-content</subfield></datafield><datafield ind1="1" ind2=" " tag="700"><subfield code="6">880-03</subfield><subfield code="a">Dušečkina, Elena Vladimirovna</subfield><subfield code="d">1941-2020</subfield><subfield code="0">(IDREF)03563376X</subfield></datafield><datafield ind1="1" ind2=" " tag="880"><subfield code="6">700-03/(N</subfield><subfield code="a">Душечкина, Елена Владимировна</subfield></datafield><datafield ind1=" " ind2=" " tag="900"><subfield code="a">REROnoselfmerge</subfield></datafield></record>
</metadata></record>