<record><header><identifier>oai:alma.41SLSP_UGE:991000033629705502</identifier><datestamp>2024-07-24T00:37:44Z</datestamp><setSpec>uge_bcen_RapidILL_BOOK</setSpec><setSpec>uge_aaca_RapidILL_BOOK</setSpec><setSpec>uge_abels_RapidILL_BOOK</setSpec><setSpec>uge_dbu_RapidILL_BOOK</setSpec><setSpec>uge_cmu_RapidILL_BOOK</setSpec><setSpec>uge_mail_RapidILL_BOOK</setSpec><setSpec>uge_abbat_RapidILL_BOOK</setSpec><setSpec>UNIGE_ALL</setSpec><setSpec>uge_aobs_RapidILL_BOOK</setSpec><setSpec>uge_acar_RapidILL_BOOK</setSpec></header><metadata>
<record xmlns="http://www.loc.gov/MARC21/slim" xmlns:xsi="http://www.w3.org/2001/XMLSchema-instance" xsi:schemaLocation="http://www.loc.gov/MARC21/slim http://www.loc.gov/standards/marcxml/schema/MARC21slim.xsd"><leader>05477nam a2200697 c 4500</leader><controlfield tag="001">991000033629705502</controlfield><controlfield tag="005">20240723152909.0</controlfield><controlfield tag="008">150615s2012    ck ||||| |||| 00| ||spa d</controlfield><datafield ind1=" " ind2=" " tag="020"><subfield code="a">9587612612</subfield></datafield><datafield ind1=" " ind2=" " tag="020"><subfield code="a">9789587612615</subfield></datafield><datafield ind1="7" ind2=" " tag="024"><subfield code="a">http://catalogue.bnf.fr/ark:/12148/cb43545433v</subfield><subfield code="2">uri</subfield></datafield><datafield ind1=" " ind2=" " tag="035"><subfield code="a">(swissbib)121690369-41slsp_network</subfield></datafield><datafield ind1=" " ind2=" " tag="035"><subfield code="a">121690369</subfield><subfield code="9">ExL</subfield></datafield><datafield ind1=" " ind2=" " tag="035"><subfield code="a">(RERO)R008173269-41slsp</subfield></datafield><datafield ind1=" " ind2=" " tag="035"><subfield code="a">(EXLNZ-41SLSP_NETWORK)991084566779705501</subfield></datafield><datafield ind1=" " ind2=" " tag="040"><subfield code="a">MUU</subfield><subfield code="d">CH-ZuSLS</subfield></datafield><datafield ind1=" " ind2="7" tag="072"><subfield code="a">es</subfield><subfield code="2">rero</subfield></datafield><datafield ind1="0" ind2="0" tag="245"><subfield code="a">Del palenque a la escena</subfield><subfield code="b">antología crítica del teatro afrolatinoamericano</subfield><subfield code="c">Juanamaría Cordones-Cook, María Mercedes Jaramillo, editoras ; con la colaboración de Ángela Inés Robledo</subfield></datafield><datafield ind1=" " ind2="1" tag="264"><subfield code="a">Bogotá, D.C.</subfield><subfield code="b">Universidad Nacional de Colombia, Facultad de Ciencias Humanas, Departamento de Literatura</subfield><subfield code="c">2012</subfield></datafield><datafield ind1=" " ind2=" " tag="300"><subfield code="a">782 p.</subfield><subfield code="c">24 cm</subfield></datafield><datafield ind1=" " ind2=" " tag="336"><subfield code="b">txt</subfield><subfield code="2">rdacontent</subfield></datafield><datafield ind1=" " ind2=" " tag="337"><subfield code="b">n</subfield><subfield code="2">rdamedia</subfield></datafield><datafield ind1=" " ind2=" " tag="338"><subfield code="b">nc</subfield><subfield code="2">rdacarrier</subfield></datafield><datafield ind1=" " ind2=" " tag="504"><subfield code="a">Includes bibliographical references</subfield></datafield><datafield ind1="0" ind2=" " tag="505"><subfield code="a">Puentes culturales entre África y América: teatro afrolatinoamericano / Juanamaría Cordones-Cook, María Mercedes Jaramillo -- Mugres de la María y el negro: espectáculo en siete cuadros / Cristina Escofet ; Nosotros, los otros, los hijos del silencio / Cristina Escofet -- Sortilegio II: misterio negro de Zumbi redivivo / Abdias do Nascimento ; El teatro negro de Brasil: un legado del TEN / Elisa Larkin Nascimento ; Misterio negro, misterio de Emanuel y de su pueblo afrobrasilero / Ángela Inés Robledo -- Chambacú: drama en tres actos / Régulo Ahumada ; Chambacú: símbolo de la resistencia negra / Lucía Ortiz -- Vida y muerte en el litoral / Juan Guillermo Rúa ; Vida y muerte en el litoral, de Juan Guillermo Rúa: oficio de difuntos y rito de cohesión social / María Mercedes Jaramillo -- Parece Blanca: versión infiel sobre una novela de infidelidades / Abelardo Estorino López ; Parece blanca: la absurda idología de blanqueamiento / María Mercedes Jaramillo y Betty Osorio -- Odebí, el cazador: Patakín / Eugenio Hernández Espinosa ; La divina excepción de la regla / Yana Elsa Brugal -- Ruandi: obra en doce cuadros / Gerardo Fulleda ; Ruandi: poesìa del amor posible y la libertad necesaria / Inès María Martiatu de Terry -- El rescate de Shangó: obra teatral en dos actos / Tomás González Pérez ; El rescate de Shangó de Tomás González Pérez / Patricia González Gómez Cásseres -- La otra: pieza en dos actos / Nelson Estupiñán Bass ; Sociedad e innovación artística en las obras dramáticas de Nelson Estupiñán Bass / Gabriel Abudu -- La fiesta del mulato / Luisa Josefina Hernández ; El negro durante el coloniaje mexicano: La fiesta del mulato, de Luisa Josefina Hernández / Wilma Feliciano -- Esa esquina del paraíso / Rose María Britton ; Rose María Britton: sobre Esa esquina del paraíso / Frances Jaeger -- Mi Zanaharí: cosa de negros: comedia musical en dos actos / Carlos López Schmidt ; Mi Zanaharí: cosa de negros: activismo y arte entre los afroperuanos / Nora Eidelberg -- Tun, tun de cielo y tierra / Alida Subirá ; Mitos y tambores en la Festa (Negra) de Santiago Apóstol / Rosalina Perales -- Amanda / Giovanny Cruz Durán ; Amanda o el poder de los luases, de Giovanny Cruz Durán / Carlos Esteban Deive -- Estrella negra / Adriana Genta ; Estrella negra: género, marginalidad y utopia / Lola Proaño-Gómez</subfield></datafield><datafield ind1=" " ind2="0" tag="650"><subfield code="a">Authors, Black</subfield><subfield code="z">Latin America</subfield></datafield><datafield ind1=" " ind2="0" tag="650"><subfield code="a">Latin American drama</subfield><subfield code="x">Black authors</subfield></datafield><datafield ind1=" " ind2="0" tag="650"><subfield code="a">Latin American drama</subfield><subfield code="x">Black authors</subfield><subfield code="x">History and criticism</subfield></datafield><datafield ind1="1" ind2="2" tag="700"><subfield code="a">Ahumada Zurbarán, Régulo</subfield><subfield code="t">Chambacú</subfield></datafield><datafield ind1="1" ind2="2" tag="700"><subfield code="a">Britton, Rosa María</subfield><subfield code="t">Esa esquina del paraíso</subfield></datafield><datafield ind1="1" ind2=" " tag="700"><subfield code="a">Cordones-Cook, Juanamaría</subfield><subfield code="0">(IDREF)132763575</subfield></datafield><datafield ind1="1" ind2="2" tag="700"><subfield code="a">Cruz Durán, Giovanny</subfield><subfield code="d">1953-</subfield><subfield code="t">Amanda</subfield></datafield><datafield ind1="1" ind2="2" tag="700"><subfield code="a">Escofet, Cristina</subfield><subfield code="t">Mugres de la María y el negro</subfield></datafield><datafield ind1="1" ind2="2" tag="700"><subfield code="a">Estorino, Abelardo</subfield><subfield code="d">1925-</subfield><subfield code="t">Parece blanca</subfield></datafield><datafield ind1="1" ind2="2" tag="700"><subfield code="a">Estupiñán Bass, Nelson</subfield><subfield code="t">Otra</subfield></datafield><datafield ind1="1" ind2="2" tag="700"><subfield code="a">Genta, Adriana</subfield><subfield code="t">Estrella negra</subfield></datafield><datafield ind1="1" ind2="2" tag="700"><subfield code="a">González Pérez, Tomás</subfield><subfield code="t">Rescate de Shangó</subfield></datafield><datafield ind1="1" ind2="2" tag="700"><subfield code="a">Hernández Espinosa, Eugenio</subfield><subfield code="t">Odebí, el cazador</subfield></datafield><datafield ind1="1" ind2="2" tag="700"><subfield code="a">Hernández, Luisa Josefina</subfield><subfield code="t">Fiesta del mulato</subfield></datafield><datafield ind1="1" ind2="2" tag="700"><subfield code="a">Jaramillo, María Mercedes</subfield><subfield code="d">1949-....</subfield><subfield code="0">(IDREF)030031583</subfield></datafield><datafield ind1="1" ind2="2" tag="700"><subfield code="a">Nascimento, Abdias do</subfield><subfield code="d">1914-2011</subfield><subfield code="t">Sortilégio.</subfield><subfield code="n">2</subfield><subfield code="p">Mistério negro de Zumbi redivivo</subfield></datafield><datafield ind1="1" ind2="2" tag="700"><subfield code="a">Robledo, Angela Ines</subfield><subfield code="d">1954-</subfield><subfield code="0">(IDREF)068017820</subfield></datafield><datafield ind1="1" ind2="2" tag="700"><subfield code="a">Rúa, Juan Guillermo</subfield><subfield code="t">Vida y muerte en el litoral</subfield></datafield><datafield ind1="1" ind2="2" tag="700"><subfield code="a">Schmidt, Carlos López</subfield><subfield code="t">Mi Zanaharí</subfield></datafield><datafield ind1="1" ind2="2" tag="700"><subfield code="a">Subirá, Alida</subfield><subfield code="t">Tun, tun de cielo y tierra</subfield></datafield><datafield ind1="1" ind2=" " tag="700"><subfield code="a">Ahumada Zurbarán, Régulo</subfield></datafield><datafield ind1="1" ind2=" " tag="700"><subfield code="a">Britton, Rosa María</subfield><subfield code="d">1936-2019</subfield><subfield code="0">(IDREF)071338470</subfield></datafield><datafield ind1="1" ind2=" " tag="700"><subfield code="a">Cruz Durán, Giovanny</subfield><subfield code="d">1953-</subfield></datafield><datafield ind1="1" ind2=" " tag="700"><subfield code="a">Escofet, Cristina</subfield><subfield code="d">1945-....</subfield><subfield code="0">(IDREF)082006946</subfield></datafield><datafield ind1="1" ind2=" " tag="700"><subfield code="a">Estorino, Abelardo</subfield><subfield code="c">dramaturge</subfield><subfield code="d">1925-....</subfield><subfield code="0">(IDREF)029876303</subfield></datafield><datafield ind1="1" ind2=" " tag="700"><subfield code="a">Estupiñán Bass, Nelson</subfield><subfield code="c">poète</subfield><subfield code="d">1912-2002</subfield><subfield code="0">(IDREF)028528336</subfield></datafield><datafield ind1="1" ind2=" " tag="700"><subfield code="a">Genta, Adriana</subfield></datafield><datafield ind1="1" ind2=" " tag="700"><subfield code="a">González Pérez, Tomás</subfield></datafield><datafield ind1="1" ind2=" " tag="700"><subfield code="a">Hernández Espinosa, Eugenio</subfield><subfield code="d">1936-....</subfield><subfield code="0">(IDREF)133429857</subfield></datafield><datafield ind1="1" ind2=" " tag="700"><subfield code="a">Hernández, Luisa Josefina</subfield><subfield code="d">1928-2023</subfield><subfield code="0">(IDREF)028855655</subfield></datafield><datafield ind1="1" ind2=" " tag="700"><subfield code="a">Nascimento, Abdias do</subfield><subfield code="d">1914-2011</subfield><subfield code="0">(IDREF)058869573</subfield></datafield><datafield ind1="1" ind2=" " tag="700"><subfield code="a">Rúa, Juan Guillermo</subfield></datafield><datafield ind1="1" ind2=" " tag="700"><subfield code="a">Schmidt, Carlos López</subfield></datafield><datafield ind1="1" ind2=" " tag="700"><subfield code="a">Subirá, Alida</subfield></datafield><datafield ind1="1" ind2="2" tag="700"><subfield code="a">Fulleda León, Gerardo</subfield><subfield code="d">1942-</subfield><subfield code="t">Ruandi</subfield></datafield><datafield ind1=" " ind2=" " tag="900"><subfield code="a">REROnoselfmerge</subfield></datafield><datafield ind1=" " ind2=" " tag="910"><subfield code="a">LOC</subfield><subfield code="b">20150615</subfield><subfield code="c">Droits réservés</subfield></datafield><datafield ind1=" " ind2=" " tag="993"><subfield code="a">BFLA 264690</subfield><subfield code="x">ge/ules/a/15/68-18</subfield><subfield code="9">local</subfield></datafield></record>
</metadata></record>